<?xml version="1.0" encoding="UTF-8"?>
<!DOCTYPE html PUBLIC "-//W3C//DTD XHTML 1.0 Transitional//EN"
    "http://www.w3.org/TR/xhtml1/DTD/xhtml1-transitional.dtd">
<html xmlns="http://www.w3.org/1999/xhtml" xml:lang="en" lang="en">
 <head>
  <title>
</title>
<meta http-equiv="Content-Type" content="text/html;charset=utf-8" />
  <meta name='ocr-system' content='tesseract 3.04.00' />
  <meta name='ocr-capabilities' content='ocr_page ocr_carea ocr_par ocr_line ocrx_word'/>
</head>
<body>
  <div class='ocr_page' id='page_1' title='image "./prolegomenaadhy00thiegoog/prolegomenaadhy00thiegoog_0063.png"; bbox 0 0 2828 4814; ppageno 0'>
   <div class='ocr_carea' id='block_1_1' title="bbox 593 313 808 371">
    <p class='ocr_par' dir='ltr' id='par_1_1' title="bbox 593 313 808 371">
     <span class='ocr_line' id='line_1_1' title="bbox 593 313 808 371; baseline 0 -16"><span class='ocrx_word' id='word_1_1' title='bbox 593 313 808 371; x_wconf 64' lang='lat'>..54-</span> 
     </span>
    </p>
   </div>
   <div class='ocr_carea' id='block_1_2' title="bbox 146 483 1271 2541">
    <p class='ocr_par' dir='ltr' id='par_1_2' title="bbox 146 483 1271 2541">
     <span class='ocr_line' id='line_1_2' title="bbox 154 483 1267 563; baseline -0.002 -15"><span class='ocrx_word' id='word_1_2' title='bbox 154 507 237 548; x_wconf 92' lang='lat' dir='ltr'>mum</span> <span class='ocrx_word' id='word_1_3' title='bbox 258 487 336 548; x_wconf 94' lang='lat' dir='ltr'>illud</span> <span class='ocrx_word' id='word_1_4' title='bbox 358 505 471 547; x_wconf 92' lang='lat' dir='ltr'>numen</span> <span class='ocrx_word' id='word_1_5' title='bbox 492 487 524 546; x_wconf 92' lang='lat' dir='ltr'>in</span> <span class='ocrx_word' id='word_1_6' title='bbox 545 485 620 546; x_wconf 89' lang='lat' dir='ltr'>Idae</span> <span class='ocrx_word' id='word_1_7' title='bbox 637 486 767 547; x_wconf 88' lang='lat' dir='ltr'>saltibus</span> <span class='ocrx_word' id='word_1_8' title='bbox 790 485 954 560; x_wconf 77' lang='lat' dir='ltr'>colebatur,</span> <span class='ocrx_word' id='word_1_9' title='bbox 978 483 1136 563; x_wconf 78' lang='lat' dir='ltr'>opiniones</span> <span class='ocrx_word' id='word_1_10' title='bbox 1159 503 1195 546; x_wconf 88' lang='lat' dir='ltr'>ac</span> <span class='ocrx_word' id='word_1_11' title='bbox 1216 504 1267 546; x_wconf 91' lang='lat' dir='ltr'>co-</span> 
     </span>
     <span class='ocr_line' id='line_1_3' title="bbox 149 589 1268 671; baseline -0.001 -20"><span class='ocrx_word' id='word_1_12' title='bbox 149 591 315 670; x_wconf 89' lang='lat' dir='ltr'>gitationes</span> <span class='ocrx_word' id='word_1_13' title='bbox 339 611 433 671; x_wconf 92' lang='lat' dir='ltr'>quum</span> <span class='ocrx_word' id='word_1_14' title='bbox 454 610 511 670; x_wconf 91' lang='lat' dir='ltr'>per</span> <span class='ocrx_word' id='word_1_15' title='bbox 533 590 702 668; x_wconf 76' lang='lat' dir='ltr'>migrantes</span> <span class='ocrx_word' id='word_1_16' title='bbox 734 590 810 650; x_wconf 91' lang='lat' dir='ltr'>alios</span> <span class='ocrx_word' id='word_1_17' title='bbox 840 589 971 669; x_wconf 92' lang='lat' dir='ltr'>populos</span> <span class='ocrx_word' id='word_1_18' title='bbox 1001 593 1067 650; x_wconf 89' lang='lat' dir='ltr'>tum</span> <span class='ocrx_word' id='word_1_19' title='bbox 1093 589 1268 650; x_wconf 86' lang='lat' dir='ltr'>vicinarum</span> 
     </span>
     <span class='ocr_line' id='line_1_4' title="bbox 146 693 1268 775; baseline 0 -21"><span class='ocrx_word' id='word_1_20' title='bbox 146 696 285 773; x_wconf 89' lang='lat' dir='ltr'>gentium</span> <span class='ocrx_word' id='word_1_21' title='bbox 314 695 510 775; x_wconf 84' lang='lat' dir='ltr'>opinionibus</span> <span class='ocrx_word' id='word_1_22' title='bbox 533 694 738 754; x_wconf 75' lang='lat' dir='ltr'>mutabantur.</span> <span class='ocrx_word' id='word_1_23' title='bbox 784 694 967 774; x_wconf 84' lang='lat' dir='ltr'>Priusquam</span> <span class='ocrx_word' id='word_1_24' title='bbox 986 713 1060 754; x_wconf 88' lang='lat' dir='ltr'>vero</span> <span class='ocrx_word' id='word_1_25' title='bbox 1084 693 1122 755; x_wconf 89' lang='lat' dir='ltr'>de</span> <span class='ocrx_word' id='word_1_26' title='bbox 1148 693 1208 754; x_wconf 85' lang='lat' dir='ltr'>hac</span> <span class='ocrx_word' id='word_1_27' title='bbox 1231 714 1268 755; x_wconf 89' lang='lat' dir='ltr'>re</span> 
     </span>
     <span class='ocr_line' id='line_1_5' title="bbox 148 797 1269 879; baseline 0 -21"><span class='ocrx_word' id='word_1_28' title='bbox 148 798 271 879; x_wconf 91' lang='lat' dir='ltr'>aliquid</span> <span class='ocrx_word' id='word_1_29' title='bbox 294 797 464 874; x_wconf 88' lang='lat' dir='ltr'>afferamus,</span> <span class='ocrx_word' id='word_1_30' title='bbox 488 797 563 858; x_wconf 89' lang='lat' dir='ltr'>libet</span> <span class='ocrx_word' id='word_1_31' title='bbox 586 798 729 878; x_wconf 85' lang='lat' dir='ltr'>praefari,</span> <span class='ocrx_word' id='word_1_32' title='bbox 748 818 796 858; x_wconf 89' lang='lat' dir='ltr'>me</span> <span class='ocrx_word' id='word_1_33' title='bbox 817 799 848 858; x_wconf 91' lang='lat' dir='ltr'>in</span> <span class='ocrx_word' id='word_1_34' title='bbox 870 798 928 858; x_wconf 89' lang='lat' dir='ltr'>hac</span> <span class='ocrx_word' id='word_1_35' title='bbox 950 799 1016 858; x_wconf 87' lang='lat' dir='ltr'>tota</span> <span class='ocrx_word' id='word_1_36' title='bbox 1031 797 1213 878; x_wconf 82' lang='lat' dir='ltr'>quaestione</span> <span class='ocrx_word' id='word_1_37' title='bbox 1236 799 1269 858; x_wconf 91' lang='lat' dir='ltr'>in</span> 
     </span>
     <span class='ocr_line' id='line_1_6' title="bbox 147 902 1265 982; baseline 0.001 -21"><span class='ocrx_word' id='word_1_38' title='bbox 147 919 316 982; x_wconf 90' lang='lat' dir='ltr'>paucorum</span> <span class='ocrx_word' id='word_1_39' title='bbox 327 905 447 962; x_wconf 89' lang='lat' dir='ltr'>tantum</span> <span class='ocrx_word' id='word_1_40' title='bbox 457 902 611 976; x_wconf 88' lang='lat' dir='ltr'>librorum,</span> <span class='ocrx_word' id='word_1_41' title='bbox 623 922 700 982; x_wconf 91' lang='lat' dir='ltr'>quos</span> <span class='ocrx_word' id='word_1_42' title='bbox 712 903 842 982; x_wconf 91' lang='lat' dir='ltr'>optimos</span> <span class='ocrx_word' id='word_1_43' title='bbox 853 921 923 962; x_wconf 89' lang='lat' dir='ltr'>esse</span> <span class='ocrx_word' id='word_1_44' title='bbox 933 902 1059 962; x_wconf 77' lang='lat' dir='ltr'>ednotus</span> <span class='ocrx_word' id='word_1_45' title='bbox 1069 920 1145 976; x_wconf 90' lang='lat' dir='ltr'>sum,</span> <span class='ocrx_word' id='word_1_46' title='bbox 1158 903 1265 962; x_wconf 88' lang='lat' dir='ltr'>auoto-</span> 
     </span>
     <span class='ocr_line' id='line_1_7' title="bbox 148 1005 1266 1087; baseline 0.001 -22"><span class='ocrx_word' id='word_1_47' title='bbox 148 1005 240 1066; x_wconf 88' lang='lat' dir='ltr'>ritate</span> <span class='ocrx_word' id='word_1_48' title='bbox 257 1006 457 1087; x_wconf 84' lang='lat' dir='ltr'>acquievisse.</span> <span class='ocrx_word' id='word_1_49' title='bbox 494 1005 540 1065; x_wconf 88' lang='lat' dir='ltr'>De</span> <span class='ocrx_word' id='word_1_50' title='bbox 560 1006 773 1087; x_wconf 88' lang='lat' dir='ltr'>antiquissima</span> <span class='ocrx_word' id='word_1_51' title='bbox 797 1006 877 1066; x_wconf 89' lang='lat' dir='ltr'>enim</span> <span class='ocrx_word' id='word_1_52' title='bbox 895 1006 996 1086; x_wconf 90' lang='lat' dir='ltr'>gentis</span> <span class='ocrx_word' id='word_1_53' title='bbox 1017 1006 1131 1065; x_wconf 89' lang='lat' dir='ltr'>troicae</span> <span class='ocrx_word' id='word_1_54' title='bbox 1160 1005 1266 1066; x_wconf 90' lang='lat' dir='ltr'>condi-</span> 
     </span>
     <span class='ocr_line' id='line_1_8' title="bbox 149 1106 1266 1189; baseline 0.002 -21"><span class='ocrx_word' id='word_1_55' title='bbox 149 1110 233 1169; x_wconf 89' lang='lat' dir='ltr'>tione</span> <span class='ocrx_word' id='word_1_56' title='bbox 257 1110 347 1169; x_wconf 90' lang='lat' dir='ltr'>docte</span> <span class='ocrx_word' id='word_1_57' title='bbox 366 1128 401 1170; x_wconf 91' lang='lat' dir='ltr'>ac</span> <span class='ocrx_word' id='word_1_58' title='bbox 421 1109 544 1189; x_wconf 91' lang='lat' dir='ltr'>copiose</span> <span class='ocrx_word' id='word_1_59' title='bbox 568 1110 739 1189; x_wconf 83' lang='lat' dir='ltr'>disputavit</span> <span class='ocrx_word' id='word_1_60' title='bbox 766 1108 801 1169; x_wconf 85' lang='grc' dir='ltr'>Β.</span> <span class='ocrx_word' id='word_1_61' title='bbox 818 1106 933 1170; x_wconf 84' lang='lat' dir='ltr'>Gisehe</span> <span class='ocrx_word' id='word_1_62' title='bbox 948 1107 1266 1186; x_wconf 83' lang='lat' dir='ltr'>(Thrakisch-Pelas-</span> 
     </span>
     <span class='ocr_line' id='line_1_9' title="bbox 150 1210 1269 1293; baseline 0 -20"><span class='ocrx_word' id='word_1_63' title='bbox 150 1213 263 1292; x_wconf 88' lang='lat' dir='ltr'>gische</span> <span class='ocrx_word' id='word_1_64' title='bbox 287 1210 422 1273; x_wconf 76' lang='lat' dir='ltr'>Stimme</span> <span class='ocrx_word' id='word_1_65' title='bbox 452 1214 508 1273; x_wconf 90' lang='lat' dir='ltr'>der</span> <span class='ocrx_word' id='word_1_66' title='bbox 537 1212 810 1274; x_wconf 89' lang='lat' dir='ltr'>Balkanhalbinsel</span> <span class='ocrx_word' id='word_1_67' title='bbox 841 1214 903 1273; x_wconf 94' lang='lat' dir='ltr'>und</span> <span class='ocrx_word' id='word_1_68' title='bbox 932 1213 997 1272; x_wconf 93' lang='lat' dir='ltr'>ihre</span> <span class='ocrx_word' id='word_1_69' title='bbox 1020 1212 1269 1293; x_wconf 89' lang='lat' dir='ltr'>Wanderungen</span> 
     </span>
     <span class='ocr_line' id='line_1_10' title="bbox 150 1315 1268 1398; baseline 0.002 -22"><span class='ocrx_word' id='word_1_70' title='bbox 150 1317 181 1376; x_wconf 93' lang='lat' dir='ltr'>in</span> <span class='ocrx_word' id='word_1_71' title='bbox 205 1317 394 1397; x_wconf 88' lang='lat' dir='ltr'>mythischer</span> <span class='ocrx_word' id='word_1_72' title='bbox 415 1316 489 1393; x_wconf 87' lang='lat' dir='ltr'>Zeit,</span> <span class='ocrx_word' id='word_1_73' title='bbox 510 1316 639 1398; x_wconf 80' lang='lat' dir='ltr'>Leipzig</span> <span class='ocrx_word' id='word_1_74' title='bbox 657 1319 748 1394; x_wconf 83' lang='lat'>1858,</span> <span class='ocrx_word' id='word_1_75' title='bbox 773 1322 804 1379; x_wconf 89' lang='lat' dir='ltr'>et</span> <span class='ocrx_word' id='word_1_76' title='bbox 828 1317 1027 1378; x_wconf 87' lang='lat' dir='ltr'>Homerisohe</span> <span class='ocrx_word' id='word_1_77' title='bbox 1042 1315 1268 1398; x_wconf 86' lang='lat' dir='ltr'>Eorschungen</span> 
     </span>
     <span class='ocr_line' id='line_1_11' title="bbox 150 1410 1267 1502; baseline 0.002 -22"><span class='ocrx_word' id='word_1_78' title='bbox 150 1439 176 1480; x_wconf 87' lang='lat' dir='ltr'>a</span> <span class='ocrx_word' id='word_1_79' title='bbox 210 1423 310 1494; x_wconf 85' lang='grc'><strong>1864,</strong></span> <span class='ocrx_word' id='word_1_80' title='bbox 336 1440 388 1501; x_wconf 89' lang='lat' dir='ltr'>pg.</span> <span class='ocrx_word' id='word_1_81' title='bbox 414 1425 477 1483; x_wconf 81' lang='lat'>233</span> <span class='ocrx_word' id='word_1_82' title='bbox 500 1421 572 1502; x_wconf 77' lang='lat' dir='ltr'>sq),</span> <span class='ocrx_word' id='word_1_83' title='bbox 613 1422 665 1502; x_wconf 92' lang='lat' dir='ltr'>qui</span> <span class='ocrx_word' id='word_1_84' title='bbox 702 1410 893 1500; x_wconf 82' lang='lat' dir='ltr'>argumentis</span> <span class='ocrx_word' id='word_1_85' title='bbox 933 1422 1007 1481; x_wconf 84' lang='lat' dir='ltr'>satis</span> <span class='ocrx_word' id='word_1_86' title='bbox 1038 1420 1133 1481; x_wconf 88' lang='lat' dir='ltr'>firmis</span> <span class='ocrx_word' id='word_1_87' title='bbox 1165 1423 1198 1481; x_wconf 91' lang='lat' dir='ltr'>et</span> <span class='ocrx_word' id='word_1_88' title='bbox 1227 1441 1267 1482; x_wconf 85' lang='lat' dir='ltr'>ex</span> 
     </span>
     <span class='ocr_line' id='line_1_12' title="bbox 151 1523 1261 1605; baseline 0.003 -22"><span class='ocrx_word' id='word_1_89' title='bbox 151 1523 358 1603; x_wconf 89' lang='lat' dir='ltr'>geographica</span> <span class='ocrx_word' id='word_1_90' title='bbox 381 1524 588 1605; x_wconf 89' lang='lat' dir='ltr'>historicaque</span> <span class='ocrx_word' id='word_1_91' title='bbox 611 1525 729 1585; x_wconf 90' lang='lat' dir='ltr'>ratione</span> <span class='ocrx_word' id='word_1_92' title='bbox 753 1525 859 1604; x_wconf 86' lang='lat' dir='ltr'>petitis</span> <span class='ocrx_word' id='word_1_93' title='bbox 886 1525 1109 1599; x_wconf 88' lang='lat' dir='ltr'>demonstrat¹,</span> <span class='ocrx_word' id='word_1_94' title='bbox 1140 1525 1261 1586; x_wconf 90' lang='lat' dir='ltr'>commi·</span> 
     </span>
     <span class='ocr_line' id='line_1_13' title="bbox 152 1628 1262 1710; baseline 0.002 -22"><span class='ocrx_word' id='word_1_95' title='bbox 152 1629 309 1706; x_wconf 78' lang='lat' dir='ltr'>gratiores</span> <span class='ocrx_word' id='word_1_96' title='bbox 333 1629 520 1709; x_wconf 89' lang='lat' dir='ltr'>populorum</span> <span class='ocrx_word' id='word_1_97' title='bbox 544 1628 757 1710; x_wconf 88' lang='lat' dir='ltr'>antiquissimo</span> <span class='ocrx_word' id='word_1_98' title='bbox 789 1632 925 1708; x_wconf 86' lang='lat' dir='ltr'>tempore</span> <span class='ocrx_word' id='word_1_99' title='bbox 954 1647 1108 1710; x_wconf 90' lang='lat' dir='ltr'>nunquam</span> <span class='ocrx_word' id='word_1_100' title='bbox 1138 1649 1180 1690; x_wconf 86' lang='lat' dir='ltr'>ex</span> <span class='ocrx_word' id='word_1_101' title='bbox 1200 1629 1262 1690; x_wconf 90' lang='lat' dir='ltr'>Eu-</span> 
     </span>
     <span class='ocr_line' id='line_1_14' title="bbox 152 1731 1267 1814; baseline 0.002 -22"><span class='ocrx_word' id='word_1_102' title='bbox 152 1751 228 1812; x_wconf 89' lang='lat' dir='ltr'>ropa</span> <span class='ocrx_word' id='word_1_103' title='bbox 250 1733 289 1793; x_wconf 85' lang='lat' dir='ltr'>in</span> <span class='ocrx_word' id='word_1_104' title='bbox 318 1731 425 1792; x_wconf 85' lang='lat' dir='ltr'>Asiam</span> <span class='ocrx_word' id='word_1_105' title='bbox 455 1733 554 1793; x_wconf 89' lang='lat' dir='ltr'>factas</span> <span class='ocrx_word' id='word_1_106' title='bbox 584 1752 669 1808; x_wconf 90' lang='lat' dir='ltr'>esse,</span> <span class='ocrx_word' id='word_1_107' title='bbox 699 1733 880 1812; x_wconf 89' lang='lat' dir='ltr'>praesertim</span> <span class='ocrx_word' id='word_1_108' title='bbox 911 1733 938 1792; x_wconf 93' lang='lat' dir='ltr'>si</span> <span class='ocrx_word' id='word_1_109' title='bbox 966 1736 1119 1792; x_wconf 89' lang='lat' dir='ltr'>terrarum</span> <span class='ocrx_word' id='word_1_110' title='bbox 1151 1737 1184 1794; x_wconf 89' lang='lat' dir='ltr'>et</span> <span class='ocrx_word' id='word_1_111' title='bbox 1211 1753 1267 1814; x_wconf 92' lang='lat' dir='ltr'>po·</span> 
     </span>
     <span class='ocr_line' id='line_1_15' title="bbox 152 1837 1268 1921; baseline 0.002 -25"><span class='ocrx_word' id='word_1_112' title='bbox 152 1837 293 1917; x_wconf 90' lang='lat' dir='ltr'>pulcrum</span> <span class='ocrx_word' id='word_1_113' title='bbox 314 1837 450 1898; x_wconf 89' lang='lat' dir='ltr'>ordinem</span> <span class='ocrx_word' id='word_1_114' title='bbox 470 1837 616 1899; x_wconf 89' lang='lat' dir='ltr'>historiae</span> <span class='ocrx_word' id='word_1_115' title='bbox 632 1839 745 1898; x_wconf 88' lang='lat' dir='ltr'>lumine</span> <span class='ocrx_word' id='word_1_116' title='bbox 766 1838 955 1921; x_wconf 86' lang='lat' dir='ltr'>illustratum</span> <span class='ocrx_word' id='word_1_117' title='bbox 978 1838 1055 1898; x_wconf 89' lang='lat' dir='ltr'>bene</span> <span class='ocrx_word' id='word_1_118' title='bbox 1069 1838 1268 1917; x_wconf 85' lang='lat' dir='ltr'>perspexeri-</span> 
     </span>
     <span class='ocr_line' id='line_1_16' title="bbox 152 1940 1271 2027; baseline 0.001 -26"><span class='ocrx_word' id='word_1_119' title='bbox 152 1960 229 2027; x_wconf 85' lang='lat' dir='ltr'>mus.</span> <span class='ocrx_word' id='word_1_120' title='bbox 273 1940 368 2002; x_wconf 89' lang='lat' dir='ltr'>Immo</span> <span class='ocrx_word' id='word_1_121' title='bbox 389 1961 463 2002; x_wconf 87' lang='lat' dir='ltr'>vero</span> <span class='ocrx_word' id='word_1_122' title='bbox 485 1943 641 2003; x_wconf 90' lang='lat' dir='ltr'>contendit</span> <span class='ocrx_word' id='word_1_123' title='bbox 662 1942 712 2002; x_wconf 85' lang='lat' dir='ltr'>vir</span> <span class='ocrx_word' id='word_1_124' title='bbox 734 1942 844 2002; x_wconf 89' lang='lat' dir='ltr'>doetus</span> <span class='ocrx_word' id='word_1_125' title='bbox 869 1961 923 2002; x_wconf 92' lang='lat' dir='ltr'>suo</span> <span class='ocrx_word' id='word_1_126' title='bbox 947 1941 1013 2001; x_wconf 89' lang='lat' dir='ltr'>iure</span> <span class='ocrx_word' id='word_1_127' title='bbox 1044 1960 1156 2014; x_wconf 86' lang='lat' dir='ltr'>exeo,</span> <span class='ocrx_word' id='word_1_128' title='bbox 1185 1943 1271 2022; x_wconf 90' lang='lat' dir='ltr'>quod</span> 
     </span>
     <span class='ocr_line' id='line_1_17' title="bbox 152 2043 1271 2125; baseline 0.002 -21"><span class='ocrx_word' id='word_1_129' title='bbox 152 2044 323 2124; x_wconf 90' lang='lat' dir='ltr'>posteriore</span> <span class='ocrx_word' id='word_1_130' title='bbox 346 2047 483 2125; x_wconf 90' lang='lat' dir='ltr'>tempore</span> <span class='ocrx_word' id='word_1_131' title='bbox 505 2046 537 2105; x_wconf 95' lang='lat' dir='ltr'>in</span> <span class='ocrx_word' id='word_1_132' title='bbox 556 2044 634 2106; x_wconf 89' lang='lat' dir='ltr'>Asia</span> <span class='ocrx_word' id='word_1_133' title='bbox 656 2046 712 2106; x_wconf 80' lang='lat' dir='ltr'>vix</span> <span class='ocrx_word' id='word_1_134' title='bbox 735 2046 857 2106; x_wconf 88' lang='lat' dir='ltr'>nomina</span> <span class='ocrx_word' id='word_1_135' title='bbox 880 2044 1110 2120; x_wconf 85' lang='lat' dir='ltr'>Dardanorum,</span> <span class='ocrx_word' id='word_1_136' title='bbox 1133 2043 1271 2125; x_wconf 85' lang='lat' dir='ltr'>Mygdo-</span> 
     </span>
     <span class='ocr_line' id='line_1_18' title="bbox 153 2148 1270 2229; baseline 0.003 -22"><span class='ocrx_word' id='word_1_137' title='bbox 153 2168 242 2224; x_wconf 87' lang='lat' dir='ltr'>num,</span> <span class='ocrx_word' id='word_1_138' title='bbox 271 2148 447 2228; x_wconf 81' lang='lat' dir='ltr'>Mysorum,</span> <span class='ocrx_word' id='word_1_139' title='bbox 472 2149 578 2229; x_wconf 92' lang='lat' dir='ltr'>populi</span> <span class='ocrx_word' id='word_1_140' title='bbox 608 2153 711 2209; x_wconf 90' lang='lat' dir='ltr'>autem</span> <span class='ocrx_word' id='word_1_141' title='bbox 736 2149 767 2208; x_wconf 93' lang='lat' dir='ltr'>in</span> <span class='ocrx_word' id='word_1_142' title='bbox 786 2149 911 2229; x_wconf 92' lang='lat' dir='ltr'>Europa</span> <span class='ocrx_word' id='word_1_143' title='bbox 930 2148 1142 2224; x_wconf 82' lang='lat' dir='ltr'>inveniantur,</span> <span class='ocrx_word' id='word_1_144' title='bbox 1174 2168 1270 2229; x_wconf 90' lang='lat' dir='ltr'>posse</span> 
     </span>
     <span class='ocr_line' id='line_1_19' title="bbox 154 2251 1269 2333; baseline 0.004 -22"><span class='ocrx_word' id='word_1_145' title='bbox 154 2252 302 2327; x_wconf 89' lang='lat' dir='ltr'>concludi,</span> <span class='ocrx_word' id='word_1_146' title='bbox 321 2253 451 2332; x_wconf 91' lang='lat' dir='ltr'>populos</span> <span class='ocrx_word' id='word_1_147' title='bbox 472 2253 541 2313; x_wconf 92' lang='lat' dir='ltr'>illos</span> <span class='ocrx_word' id='word_1_148' title='bbox 563 2273 602 2313; x_wconf 88' lang='lat' dir='ltr'>ex</span> <span class='ocrx_word' id='word_1_149' title='bbox 623 2251 700 2312; x_wconf 88' lang='lat' dir='ltr'>Asia</span> <span class='ocrx_word' id='word_1_150' title='bbox 722 2253 753 2312; x_wconf 89' lang='lat' dir='ltr'>in</span> <span class='ocrx_word' id='word_1_151' title='bbox 775 2253 931 2333; x_wconf 87' lang='lat' dir='ltr'>Europam</span> <span class='ocrx_word' id='word_1_152' title='bbox 954 2253 1108 2331; x_wconf 89' lang='lat' dir='ltr'>migrasse</span> <span class='ocrx_word' id='word_1_153' title='bbox 1134 2256 1269 2333; x_wconf 83' lang='lat' dir='ltr'>excepto</span> 
     </span>
     <span class='ocr_line' id='line_1_20' title="bbox 153 2354 1269 2437; baseline 0.003 -22"><span class='ocrx_word' id='word_1_154' title='bbox 153 2374 214 2415; x_wconf 92' lang='lat' dir='ltr'>uno</span> <span class='ocrx_word' id='word_1_155' title='bbox 221 2355 380 2436; x_wconf 87' lang='lat' dir='ltr'>Phrygum</span> <span class='ocrx_word' id='word_1_156' title='bbox 391 2357 514 2436; x_wconf 93' lang='lat' dir='ltr'>populo,</span> <span class='ocrx_word' id='word_1_157' title='bbox 526 2356 577 2437; x_wconf 90' lang='lat' dir='ltr'>qui</span> <span class='ocrx_word' id='word_1_158' title='bbox 589 2358 696 2416; x_wconf 90' lang='lat' dir='ltr'>tantus</span> <span class='ocrx_word' id='word_1_159' title='bbox 706 2356 824 2431; x_wconf 88' lang='lat' dir='ltr'>fuisset,</span> <span class='ocrx_word' id='word_1_160' title='bbox 839 2365 874 2416; x_wconf 88' lang='lat' dir='ltr'>ut</span> <span class='ocrx_word' id='word_1_161' title='bbox 883 2362 1002 2436; x_wconf 88' lang='lat' dir='ltr'>partem</span> <span class='ocrx_word' id='word_1_162' title='bbox 1014 2358 1045 2415; x_wconf 92' lang='lat' dir='ltr'>in</span> <span class='ocrx_word' id='word_1_163' title='bbox 1053 2354 1131 2416; x_wconf 87' lang='lat' dir='ltr'>Asia</span> <span class='ocrx_word' id='word_1_164' title='bbox 1145 2376 1269 2418; x_wconf 92' lang='lat' dir='ltr'>reman-</span> 
     </span>
     <span class='ocr_line' id='line_1_21' title="bbox 156 2459 1269 2541; baseline 0.002 -21"><span class='ocrx_word' id='word_1_165' title='bbox 156 2459 243 2536; x_wconf 89' lang='lat' dir='ltr'>sisse,</span> <span class='ocrx_word' id='word_1_166' title='bbox 262 2462 382 2539; x_wconf 90' lang='lat' dir='ltr'>partem</span> <span class='ocrx_word' id='word_1_167' title='bbox 397 2460 429 2520; x_wconf 91' lang='lat' dir='ltr'>in</span> <span class='ocrx_word' id='word_1_168' title='bbox 438 2459 596 2540; x_wconf 89' lang='lat' dir='ltr'>Europam</span> <span class='ocrx_word' id='word_1_169' title='bbox 607 2459 833 2538; x_wconf 90' lang='lat' dir='ltr'>commigrasse,</span> <span class='ocrx_word' id='word_1_170' title='bbox 852 2459 903 2541; x_wconf 92' lang='lat' dir='ltr'>qui</span> <span class='ocrx_word' id='word_1_171' title='bbox 925 2459 1269 2540; x_wconf 76' lang='lat' dir='ltr'>suintBrygi2velBri-</span> 
     </span>
    </p>
   </div>
   <div class='ocr_carea' id='block_1_3' title="bbox 37 2561 1267 2644">
    <p class='ocr_par' dir='ltr' id='par_1_3' title="bbox 37 2561 1267 2644">
     <span class='ocr_line' id='line_1_22' title="bbox 37 2561 1267 2644; baseline 0.006 -26"><span class='ocrx_word' id='word_1_172' title='bbox 37 2611 40 2618; x_wconf 94' lang='grc'><em>,</em></span> <span class='ocrx_word' id='word_1_173' title='bbox 156 2583 221 2641; x_wconf 86' lang='lat' dir='ltr'>gos,</span> <span class='ocrx_word' id='word_1_174' title='bbox 236 2563 326 2624; x_wconf 90' lang='lat' dir='ltr'>facile</span> <span class='ocrx_word' id='word_1_175' title='bbox 345 2565 536 2624; x_wconf 88' lang='lat' dir='ltr'>concederes.</span> <span class='ocrx_word' id='word_1_176' title='bbox 558 2563 734 2624; x_wconf 88' lang='lat' dir='ltr'>Herodotus</span> <span class='ocrx_word' id='word_1_177' title='bbox 745 2582 820 2623; x_wconf 86' lang='lat' dir='ltr'>vero</span> <span class='ocrx_word' id='word_1_178' title='bbox 831 2563 921 2623; x_wconf 89' lang='lat' dir='ltr'>aliter</span> <span class='ocrx_word' id='word_1_179' title='bbox 933 2561 1052 2623; x_wconf 66' lang='lat' dir='ltr'>sentitl.</span> <span class='ocrx_word' id='word_1_180' title='bbox 1074 2562 1121 2622; x_wconf 91' lang='lat' dir='ltr'>De</span> <span class='ocrx_word' id='word_1_181' title='bbox 1133 2562 1267 2644; x_wconf 90' lang='lat' dir='ltr'>Phrygi·</span> 
     </span>
    </p>
   </div>
   <div class='ocr_carea' id='block_1_4' title="bbox 154 2666 1275 3472">
    <p class='ocr_par' dir='ltr' id='par_1_4' title="bbox 154 2666 1274 3161">
     <span class='ocr_line' id='line_1_23' title="bbox 154 2666 1272 2748; baseline 0.004 -23"><span class='ocrx_word' id='word_1_182' title='bbox 154 2666 212 2726; x_wconf 92' lang='lat' dir='ltr'>bus</span> <span class='ocrx_word' id='word_1_183' title='bbox 237 2669 339 2726; x_wconf 88' lang='lat' dir='ltr'>autem</span> <span class='ocrx_word' id='word_1_184' title='bbox 361 2666 486 2727; x_wconf 90' lang='lat' dir='ltr'>uberius</span> <span class='ocrx_word' id='word_1_185' title='bbox 508 2667 646 2746; x_wconf 89' lang='lat' dir='ltr'>disputat</span> <span class='ocrx_word' id='word_1_186' title='bbox 665 2666 800 2727; x_wconf 88' lang='lat' dir='ltr'>Haasius</span> <span class='ocrx_word' id='word_1_187' title='bbox 813 2666 843 2741; x_wconf 81' lang='lat'>⁴,</span> <span class='ocrx_word' id='word_1_188' title='bbox 874 2668 925 2748; x_wconf 92' lang='lat' dir='ltr'>qui</span> <span class='ocrx_word' id='word_1_189' title='bbox 955 2668 1036 2727; x_wconf 91' lang='lat' dir='ltr'>inter</span> <span class='ocrx_word' id='word_1_190' title='bbox 1064 2667 1140 2727; x_wconf 88' lang='lat' dir='ltr'>alios</span> <span class='ocrx_word' id='word_1_191' title='bbox 1160 2667 1272 2730; x_wconf 88' lang='lat' dir='ltr'>laudat</span> 
     </span>
     <span class='ocr_line' id='line_1_24' title="bbox 157 2768 1273 2851; baseline 0.002 -20"><span class='ocrx_word' id='word_1_192' title='bbox 157 2768 286 2831; x_wconf 90' lang='lat' dir='ltr'>Osannii</span> <span class='ocrx_word' id='word_1_193' title='bbox 302 2770 421 2845; x_wconf 90' lang='lat' dir='ltr'>librum,</span> <span class='ocrx_word' id='word_1_194' title='bbox 446 2771 498 2851; x_wconf 93' lang='lat' dir='ltr'>qui</span> <span class='ocrx_word' id='word_1_195' title='bbox 516 2771 693 2831; x_wconf 78' lang='lat' dir='ltr'>inscribitur</span> <span class='ocrx_word' id='word_1_196' title='bbox 712 2772 762 2830; x_wconf 88' lang='lat' dir='ltr'>est</span> <span class='ocrx_word' id='word_1_197' title='bbox 779 2771 900 2845; x_wconf 88' lang='lat' dir='ltr'>,Midas</span> <span class='ocrx_word' id='word_1_198' title='bbox 920 2771 994 2830; x_wconf 93' lang='lat' dir='ltr'>oder</span> <span class='ocrx_word' id='word_1_199' title='bbox 1005 2769 1273 2849; x_wconf 81' lang='lat' dir='ltr'>Erkla&#39;rungsver-</span> 
     </span>
     <span class='ocr_line' id='line_1_25' title="bbox 155 2873 1271 2952; baseline 0.004 -19"><span class='ocrx_word' id='word_1_200' title='bbox 155 2873 231 2934; x_wconf 88' lang='lat' dir='ltr'>such</span> <span class='ocrx_word' id='word_1_201' title='bbox 254 2874 310 2934; x_wconf 88' lang='lat' dir='ltr'>der</span> <span class='ocrx_word' id='word_1_202' title='bbox 331 2875 549 2935; x_wconf 87' lang='lat' dir='ltr'>nachweislioh</span> <span class='ocrx_word' id='word_1_203' title='bbox 572 2875 703 2936; x_wconf 74' lang='lat' dir='ltr'>altesten</span> <span class='ocrx_word' id='word_1_204' title='bbox 727 2875 839 2952; x_wconf 89' lang='lat' dir='ltr'>grieoh.</span> <span class='ocrx_word' id='word_1_205' title='bbox 863 2873 1008 2935; x_wconf 86' lang='lat' dir='ltr'>Inschrift</span> <span class='ocrx_word' id='word_1_206' title='bbox 1031 2876 1069 2952; x_wconf 87' lang='lat' dir='ltr'>(a.</span> <span class='ocrx_word' id='word_1_207' title='bbox 1088 2874 1185 2952; x_wconf 84' lang='lat'>1830)</span> <span class='ocrx_word' id='word_1_208' title='bbox 1195 2878 1212 2949; x_wconf 87' lang='lat'>‘,</span> <span class='ocrx_word' id='word_1_209' title='bbox 1237 2880 1271 2937; x_wconf 86' lang='lat' dir='ltr'>et</span> 
     </span>
     <span class='ocr_line' id='line_1_26' title="bbox 157 2976 1274 3061; baseline 0.003 -22"><span class='ocrx_word' id='word_1_210' title='bbox 157 2976 323 3039; x_wconf 83' lang='lat' dir='ltr'>Goschenii</span> <span class='ocrx_word' id='word_1_211' title='bbox 344 2978 407 3055; x_wconf 90' lang='lat' dir='ltr'>,De</span> <span class='ocrx_word' id='word_1_212' title='bbox 439 2978 556 3040; x_wconf 89' lang='lat' dir='ltr'>Ariana</span> <span class='ocrx_word' id='word_1_213' title='bbox 591 2980 716 3059; x_wconf 89' lang='lat' dir='ltr'>linguae</span> <span class='ocrx_word' id='word_1_214' title='bbox 747 2981 911 3061; x_wconf 89' lang='lat' dir='ltr'>gentisque</span> <span class='ocrx_word' id='word_1_215' title='bbox 934 2977 1116 3039; x_wconf 84' lang='lat' dir='ltr'>Armenicae</span> <span class='ocrx_word' id='word_1_216' title='bbox 1149 2979 1274 3042; x_wconf 87' lang='lat' dir='ltr'>indole‘</span> 
     </span>
     <span class='ocr_line' id='line_1_27' title="bbox 156 3082 590 3161; baseline 0.005 -20"><span class='ocrx_word' id='word_1_217' title='bbox 156 3082 406 3143; x_wconf 89' lang='lat' dir='ltr'>dissertationem</span> <span class='ocrx_word' id='word_1_218' title='bbox 430 3085 467 3160; x_wconf 85' lang='lat' dir='ltr'>(a.</span> <span class='ocrx_word' id='word_1_219' title='bbox 485 3083 590 3161; x_wconf 80' lang='lat'>1847).</span> 
     </span>
    </p>

    <p class='ocr_par' dir='ltr' id='par_1_5' title="bbox 156 3184 1275 3472">
     <span class='ocr_line' id='line_1_28' title="bbox 244 3184 1273 3268; baseline 0.005 -24"><span class='ocrx_word' id='word_1_220' title='bbox 244 3184 354 3247; x_wconf 78' lang='lat' dir='ltr'>Teucri</span> <span class='ocrx_word' id='word_1_221' title='bbox 395 3187 491 3262; x_wconf 90' lang='lat' dir='ltr'>enim,</span> <span class='ocrx_word' id='word_1_222' title='bbox 529 3190 693 3268; x_wconf 86' lang='lat' dir='ltr'>antequam</span> <span class='ocrx_word' id='word_1_223' title='bbox 725 3207 776 3248; x_wconf 88' lang='lat' dir='ltr'>res</span> <span class='ocrx_word' id='word_1_224' title='bbox 814 3188 956 3248; x_wconf 86' lang='lat' dir='ltr'>dilucere</span> <span class='ocrx_word' id='word_1_225' title='bbox 980 3188 1162 3266; x_wconf 88' lang='lat' dir='ltr'>coeperunt,</span> <span class='ocrx_word' id='word_1_226' title='bbox 1200 3207 1273 3249; x_wconf 87' lang='lat' dir='ltr'>sese</span> 
     </span>
     <span class='ocr_line' id='line_1_29' title="bbox 156 3289 1274 3372; baseline 0.003 -22"><span class='ocrx_word' id='word_1_227' title='bbox 156 3289 350 3369; x_wconf 87' lang='lat' dir='ltr'>dispertiisse</span> <span class='ocrx_word' id='word_1_228' title='bbox 372 3291 519 3351; x_wconf 86' lang='lat' dir='ltr'>videntur</span> <span class='ocrx_word' id='word_1_229' title='bbox 539 3309 634 3372; x_wconf 90' lang='lat' dir='ltr'>aeque</span> <span class='ocrx_word' id='word_1_230' title='bbox 656 3310 691 3351; x_wconf 91' lang='lat' dir='ltr'>ao</span> <span class='ocrx_word' id='word_1_231' title='bbox 706 3292 847 3371; x_wconf 87' lang='lat' dir='ltr'>Phryges</span> <span class='ocrx_word' id='word_1_232' title='bbox 862 3293 986 3370; x_wconf 90' lang='lat' dir='ltr'>postero</span> <span class='ocrx_word' id='word_1_233' title='bbox 1003 3298 1143 3369; x_wconf 89' lang='lat' dir='ltr'>tempore</span> <span class='ocrx_word' id='word_1_234' title='bbox 1159 3309 1274 3353; x_wconf 86' lang='lat' dir='ltr'>revera</span> 
     </span>
     <span class='ocr_line' id='line_1_30' title="bbox 157 3393 1275 3472; baseline 0.004 -20"><span class='ocrx_word' id='word_1_235' title='bbox 157 3393 436 3472; x_wconf 89' lang='lat' dir='ltr'>deprehenduntur.</span> <span class='ocrx_word' id='word_1_236' title='bbox 481 3395 616 3456; x_wconf 83' lang='lat' dir='ltr'>Exstant</span> <span class='ocrx_word' id='word_1_237' title='bbox 648 3396 728 3456; x_wconf 90' lang='lat' dir='ltr'>enim</span> <span class='ocrx_word' id='word_1_238' title='bbox 761 3397 799 3455; x_wconf 93' lang='lat' dir='ltr'>de</span> <span class='ocrx_word' id='word_1_239' title='bbox 827 3395 875 3455; x_wconf 89' lang='lat' dir='ltr'>his</span> <span class='ocrx_word' id='word_1_240' title='bbox 909 3394 1143 3472; x_wconf 88' lang='lat' dir='ltr'>migrationibus</span> <span class='ocrx_word' id='word_1_241' title='bbox 1171 3394 1275 3456; x_wconf 90' lang='lat' dir='ltr'>adhuc</span> 
     </span>
    </p>
   </div>
   <div class='ocr_carea' id='block_1_5' title="bbox 72 3482 1276 3785">
    <p class='ocr_par' dir='ltr' id='par_1_6' title="bbox 72 3482 1276 3785">
     <span class='ocr_line' id='line_1_31' title="bbox 157 3482 1276 3580; baseline 0.002 -22"><span class='ocrx_word' id='word_1_242' title='bbox 157 3499 334 3559; x_wconf 88' lang='lat' dir='ltr'>testimonia</span> <span class='ocrx_word' id='word_1_243' title='bbox 378 3500 563 3578; x_wconf 83' lang='lat' dir='ltr'>gravissima</span> <span class='ocrx_word' id='word_1_244' title='bbox 598 3482 780 3574; x_wconf 79' lang='lat' dir='ltr'>Herodoti⁵‚</span> <span class='ocrx_word' id='word_1_245' title='bbox 817 3499 868 3580; x_wconf 93' lang='lat' dir='ltr'>qui</span> <span class='ocrx_word' id='word_1_246' title='bbox 900 3498 1010 3573; x_wconf 88' lang='lat' dir='ltr'>tradit,</span> <span class='ocrx_word' id='word_1_247' title='bbox 1048 3499 1120 3557; x_wconf 87' lang='lat' dir='ltr'>ante</span> <span class='ocrx_word' id='word_1_248' title='bbox 1155 3497 1276 3560; x_wconf 91' lang='lat' dir='ltr'>bellum</span> 
     </span>
     <span class='ocr_line' id='line_1_32' title="bbox 72 3599 1276 3684; baseline 0.002 -23"><span class='ocrx_word' id='word_1_249' title='bbox 72 3615 74 3619; x_wconf 85' lang='grc'><strong>’</strong></span> <span class='ocrx_word' id='word_1_250' title='bbox 158 3602 288 3663; x_wconf 92' lang='lat' dir='ltr'>troicum</span> <span class='ocrx_word' id='word_1_251' title='bbox 312 3602 420 3682; x_wconf 83' lang='lat' dir='ltr'>Mysos</span> <span class='ocrx_word' id='word_1_252' title='bbox 449 3607 481 3664; x_wconf 95' lang='lat' dir='ltr'>et</span> <span class='ocrx_word' id='word_1_253' title='bbox 505 3602 639 3666; x_wconf 84' lang='lat' dir='ltr'>Teucros</span> <span class='ocrx_word' id='word_1_254' title='bbox 661 3605 693 3665; x_wconf 92' lang='lat' dir='ltr'>in</span> <span class='ocrx_word' id='word_1_255' title='bbox 714 3604 870 3684; x_wconf 86' lang='lat' dir='ltr'>Europam</span> <span class='ocrx_word' id='word_1_256' title='bbox 890 3605 1105 3680; x_wconf 88' lang='lat' dir='ltr'>transgressos</span> <span class='ocrx_word' id='word_1_257' title='bbox 1121 3599 1276 3663; x_wconf 78' lang='lat' dir='ltr'>Thraciae</span> 
     </span>
     <span class='ocr_line' id='line_1_33' title="bbox 159 3705 1274 3785; baseline 0.002 -21"><span class='ocrx_word' id='word_1_258' title='bbox 159 3707 289 3785; x_wconf 92' lang='lat' dir='ltr'>populos</span> <span class='ocrx_word' id='word_1_259' title='bbox 330 3708 454 3768; x_wconf 90' lang='lat' dir='ltr'>sedibus</span> <span class='ocrx_word' id='word_1_260' title='bbox 491 3709 626 3769; x_wconf 88' lang='lat' dir='ltr'>movisse</span> <span class='ocrx_word' id='word_1_261' title='bbox 673 3719 704 3769; x_wconf 84' lang='lat' dir='ltr'>et</span> <span class='ocrx_word' id='word_1_262' title='bbox 743 3707 839 3769; x_wconf 78' lang='lat' dir='ltr'>dein⁶</span> <span class='ocrx_word' id='word_1_263' title='bbox 875 3707 1012 3768; x_wconf 89' lang='lat' dir='ltr'>Paeones</span> <span class='ocrx_word' id='word_1_264' title='bbox 1047 3724 1116 3765; x_wconf 89' lang='lat' dir='ltr'>esse</span> <span class='ocrx_word' id='word_1_265' title='bbox 1162 3705 1274 3768; x_wconf 89' lang='lat' dir='ltr'>dictos.</span> 
     </span>
    </p>
   </div>
   <div class='ocr_carea' id='block_1_6' title="bbox 162 3857 1278 4447">
    <p class='ocr_par' dir='ltr' id='par_1_7' title="bbox 231 3857 757 3931">
     <span class='ocr_line' id='line_1_34' title="bbox 231 3857 757 3931; baseline 0.004 -20"><span class='ocrx_word' id='word_1_266' title='bbox 231 3857 257 3926; x_wconf 85' lang='lat'>1)</span> <span class='ocrx_word' id='word_1_267' title='bbox 276 3859 301 3925; x_wconf 64' lang='lat' dir='ltr'>fi.</span> <span class='ocrx_word' id='word_1_268' title='bbox 322 3859 345 3913; x_wconf 92' lang='lat'>1.</span> <span class='ocrx_word' id='word_1_269' title='bbox 364 3859 426 3912; x_wconf 90' lang='lat' dir='ltr'>inde</span> <span class='ocrx_word' id='word_1_270' title='bbox 446 3875 462 3913; x_wconf 83' lang='lat' dir='ltr'>a</span> <span class='ocrx_word' id='word_1_271' title='bbox 481 3877 526 3928; x_wconf 90' lang='lat' dir='ltr'>pg.</span> <span class='ocrx_word' id='word_1_272' title='bbox 547 3860 641 3928; x_wconf 89' lang='lat' dir='ltr'>prima.</span> <span class='ocrx_word' id='word_1_273' title='bbox 744 3898 757 3931; x_wconf 75' lang='lat'>,</span> 
     </span>
    </p>

    <p class='ocr_par' dir='ltr' id='par_1_8' title="bbox 231 3945 878 4016">
     <span class='ocr_line' id='line_1_35' title="bbox 231 3945 878 4016; baseline -0.003 -18"><span class='ocrx_word' id='word_1_274' title='bbox 231 3945 259 4016; x_wconf 77' lang='lat'>2)</span> <span class='ocrx_word' id='word_1_275' title='bbox 279 3945 401 4000; x_wconf 91' lang='lat' dir='ltr'>Herodot</span> <span class='ocrx_word' id='word_1_276' title='bbox 418 3947 466 4011; x_wconf 90' lang='lat' dir='ltr'>VI,</span> <span class='ocrx_word' id='word_1_277' title='bbox 488 3948 535 4012; x_wconf 81' lang='lat'>45;</span> <span class='ocrx_word' id='word_1_278' title='bbox 555 3947 653 4000; x_wconf 83' lang='lat' dir='ltr'>Strabo</span> <span class='ocrx_word' id='word_1_279' title='bbox 671 3945 733 4010; x_wconf 82' lang='lat' dir='ltr'>VII,</span> <span class='ocrx_word' id='word_1_280' title='bbox 752 3961 797 4013; x_wconf 85' lang='lat' dir='ltr'>pg.</span> <span class='ocrx_word' id='word_1_281' title='bbox 819 3945 878 4000; x_wconf 81' lang='lat'>295.</span> 
     </span>
    </p>

    <p class='ocr_par' dir='ltr' id='par_1_9' title="bbox 230 4031 401 4100">
     <span class='ocr_line' id='line_1_36' title="bbox 230 4031 401 4100; baseline 0.023 -14"><span class='ocrx_word' id='word_1_282' title='bbox 230 4031 258 4100; x_wconf 86' lang='lat'>3)</span> <span class='ocrx_word' id='word_1_283' title='bbox 276 4032 337 4096; x_wconf 87' lang='lat' dir='ltr'>VH,</span> <span class='ocrx_word' id='word_1_284' title='bbox 361 4035 401 4090; x_wconf 82' lang='grc'>73.</span> 
     </span>
    </p>

    <p class='ocr_par' dir='ltr' id='par_1_10' title="bbox 162 4113 1278 4274">
     <span class='ocr_line' id='line_1_37' title="bbox 231 4113 1278 4189; baseline -0.006 -15"><span class='ocrx_word' id='word_1_285' title='bbox 231 4119 259 4186; x_wconf 87' lang='grc'>4)</span> <span class='ocrx_word' id='word_1_286' title='bbox 278 4119 362 4172; x_wconf 87' lang='lat' dir='ltr'>Ersch</span> <span class='ocrx_word' id='word_1_287' title='bbox 375 4119 398 4173; x_wconf 74' lang='lat' dir='ltr'>da</span> <span class='ocrx_word' id='word_1_288' title='bbox 411 4119 515 4174; x_wconf 80' lang='lat' dir='ltr'>Gruber</span> <span class='ocrx_word' id='word_1_289' title='bbox 526 4119 720 4189; x_wconf 88' lang='lat' dir='ltr'>Encyclopaed.</span> <span class='ocrx_word' id='word_1_290' title='bbox 741 4120 806 4172; x_wconf 83' lang='lat' dir='ltr'>sect.</span> <span class='ocrx_word' id='word_1_291' title='bbox 819 4118 870 4182; x_wconf 93' lang='grc' dir='ltr'><strong>ΙΙΙ,</strong></span> <span class='ocrx_word' id='word_1_292' title='bbox 888 4133 952 4186; x_wconf 88' lang='lat' dir='ltr'>pars</span> <span class='ocrx_word' id='word_1_293' title='bbox 963 4114 1060 4178; x_wconf 87' lang='lat' dir='ltr'>XXIV,</span> <span class='ocrx_word' id='word_1_294' title='bbox 1079 4130 1124 4184; x_wconf 88' lang='lat' dir='ltr'>pg.</span> <span class='ocrx_word' id='word_1_295' title='bbox 1137 4113 1191 4170; x_wconf 78' lang='lat'>225</span> <span class='ocrx_word' id='word_1_296' title='bbox 1205 4130 1278 4186; x_wconf 85' lang='lat' dir='ltr'>sqq.;</span> 
     </span>
     <span class='ocr_line' id='line_1_38' title="bbox 162 4205 564 4274; baseline -0.005 -16"><span class='ocrx_word' id='word_1_297' title='bbox 162 4205 331 4272; x_wconf 89' lang='lat' dir='ltr'>potissimum</span> <span class='ocrx_word' id='word_1_298' title='bbox 351 4223 397 4274; x_wconf 90' lang='lat' dir='ltr'>pg.</span> <span class='ocrx_word' id='word_1_299' title='bbox 417 4207 564 4261; x_wconf 78' lang='lat'>290-293.</span> 
     </span>
    </p>

    <p class='ocr_par' dir='ltr' id='par_1_11' title="bbox 232 4292 398 4361">
     <span class='ocr_line' id='line_1_39' title="bbox 232 4292 398 4361; baseline -0.024 -13"><span class='ocrx_word' id='word_1_300' title='bbox 232 4293 259 4361; x_wconf 83' lang='lat'>5)</span> <span class='ocrx_word' id='word_1_301' title='bbox 276 4292 337 4356; x_wconf 85' lang='lat' dir='ltr'>VH,</span> <span class='ocrx_word' id='word_1_302' title='bbox 356 4293 398 4345; x_wconf 82' lang='lat'>20.</span> 
     </span>
    </p>

    <p class='ocr_par' dir='ltr' id='par_1_12' title="bbox 233 4378 375 4447">
     <span class='ocr_line' id='line_1_40' title="bbox 233 4378 375 4447; baseline -0.007 -15"><span class='ocrx_word' id='word_1_303' title='bbox 233 4378 261 4447; x_wconf 85' lang='grc'>6)</span> <span class='ocrx_word' id='word_1_304' title='bbox 278 4379 311 4443; x_wconf 85' lang='lat' dir='ltr'>V,</span> <span class='ocrx_word' id='word_1_305' title='bbox 333 4380 375 4434; x_wconf 85' lang='lat'>13.</span> 
     </span>
    </p>
   </div>
   <div class='ocr_carea' id='block_1_7' title="bbox 0 0 1434 4814">
    <p class='ocr_par' dir='ltr' id='par_1_13' title="bbox 0 0 1434 4814">
     <span class='ocr_line' id='line_1_41' title="bbox 0 0 1434 4814; baseline 0 0"><span class='ocrx_word' id='word_1_306' title='bbox 0 0 1434 4814; x_wconf 95' lang='lat' dir='ltr'> </span> 
     </span>
    </p>
   </div>
  </div>
 </body>
</html>
