2828 4814
602 352 817 409 -.47-

159 537 190 597 in
211 557 262 598 vv.
282 539 321 599 95
345 539 377 598 et
398 540 448 613 90,
470 541 659 617 postremum
681 556 749 597 cum
763 535 908 617 Nympha
921 537 1032 619 aliqua,
1055 555 1133 617 quae
1147 536 1263 597 medias

159 641 377 724 quodammodo
398 643 506 721 partes
527 641 608 702 inter
630 641 703 702 deos
726 644 758 701 et
778 640 916 702 homines
930 659 1022 721 agere
1035 641 1116 721 apud
1130 638 1265 704 Graecos

156 748 351 826 putabantur.
396 745 536 816 Quaevis
564 764 638 807 vero
669 746 777 806 harum
802 746 896 807 trium
925 745 1071 807 classium
1089 745 1266 826 pronomine

156 849 313 911 indefinito
336 842 415 927 ,rlg‘
436 850 639 912 introducitur
661 868 697 912 ac
720 849 819 911 cuivis
842 857 892 912 est
906 851 1060 912 adiectum
1071 850 1266 912 enunciatnm
1336 874 1340 881 ·

154 955 333 1030 relativum,
371 955 452 1036 quod
478 954 668 1035 grammatici
696 957 816 1017 vocant.
861 955 924 1026 Qui
948 956 1021 1017 ordo
1045 954 1266 1016 sententiarum

157 1059 291 1139 optimus
318 1059 546 1140 interpolatoris
568 1059 711 1121 versibus
736 1063 785 1121 93.
808 1063 857 1121 94.
882 1064 921 1123 98
943 1061 1022 1121 male
1043 1063 1092 1122 est
1114 1062 1265 1121 turbatus.

157 1162 310 1233 Quocirca
331 1166 405 1244 puto
425 1164 481 1225 hos
500 1166 564 1226 tres
587 1183 698 1225 versus
721 1166 811 1226 textu
823 1166 1080 1227 essemovendos.

243 1266 394 1331 Adiieiam
410 1270 520 1330 deinde
535 1268 696 1330 formulam
708 1288 782 1329 vere
798 1269 981 1346 hesiodeam,
1003 1288 1113 1351 nempe
1135 1268 1265 1353 μιγῆναι

158 1364 191 1432 ἐν
224 1364 374 1459 φιλάεητί
404 1393 502 1447 τινος.
545 1371 698 1436 Homerus
726 1374 815 1449 enim,
846 1374 1017 1456 ubicunque
1046 1375 1104 1436 hae
1135 1374 1266 1436 formula

158 1495 232 1538 usus
259 1481 316 1554 est,
345 1495 501 1559 nunqnam
530 1477 623 1540 habet
652 1477 836 1558 genitivum,
865 1498 956 1560 quem
986 1478 1118 1559 legimus
1140 1479 1265 1540 ineunte

156 1579 302 1643 Mercurii
322 1583 436 1662 hymno
461 1575 544 1657 Διὸς
563 1576 597 1644 ἑν
619 1572 769 1667 φιλότητι
788 1581 919 1664 μιγεῖσα
942 1585 974 1644 et
994 1583 1026 1643 in
1047 1583 1153 1664 hymni
1168 1583 1266 1644 nostri

155 1706 184 1746 v.
209 1688 273 1747 150
304 1681 383 1769 πρὶν
409 1687 451 1772 σῇ
470 1687 667 1768 (adiectivum
685 1688 785 1768 pretio
808 1687 938 1768 genitivi
959 1691 1009 1750 est
1032 1688 1265 1765 aestimandum)

156 1780 305 1874 φιλότητι
346 1794 484 1876 μιγῆναι.
541 1791 697 1854 Hesiodus
735 1793 837 1852 eutem
874 1793 997 1872 saepius
1032 1793 1110 1854 hano
1144 1792 1266 1854 admisit

156 1898 351 1973 structuram,
370 1897 470 1958 veluti
484 1897 516 1957 in
535 1897 638 1976 theog.
654 1915 705 1960 vv.
729 1899 801 1957 980.
825 1898 918 1957 1005.
941 1901 1024 1958 1012
1049 1897 1098 1958 all.
1121 1898 1152 1958 ll.
1174 1933 1216 1944 -

241 1997 355 2060 Restat
374 1999 513 2079 denique,
534 2005 570 2059 ut
592 1999 731 2078 singulas
753 1999 963 2060 examinemus
979 2000 1133 2077 formulas,
1156 2003 1265 2083 quibus

158 2103 250 2180 poeta
271 2102 378 2181 hymni
398 2104 436 2165 ab
458 2100 585 2163 Homeri
605 2121 689 2163 more
710 2103 855 2184 loquendi
874 2104 1039 2165 recesserit
1059 2106 1145 2167 etad
1165 2105 1264 2167 hesio-

158 2203 249 2265 deum
270 2223 370 2286 genus
394 2206 514 2268 dicendi
534 2206 660 2287 propius
680 2208 854 2269 accesserit.
885 2205 964 2270 Sunt
986 2212 1089 2270 antem
1105 2229 1146 2270 ex
1159 2210 1265 2290 hymni

158 2299 399 2393 ὁμηρικωτάτον
409 2314 520 2374 natura
536 2330 708 2393 perpaucae
717 2313 841 2389 formae,
857 2313 889 2375 in
900 2314 1009 2395 quibus
1019 2315 1264 2377 enummerandis

156 2413 288 2475 maxime
319 2413 488 2477 Koehnium
517 2416 549 2495 (l.
568 2417 588 2477 l.
616 2417 688 2479 inde
710 2436 802 2497 apg.
824 2417 877 2494 18)
896 2421 1021 2479 secutus
1041 2439 1116 2480 sum

244 2517 347 2602 Atque
389 2520 422 2581 in
466 2521 563 2602 prima
594 2522 796 2584 declinatione
833 2521 916 2583 eadit
952 2523 1110 2602 genitivus
1145 2526 1264 2585 numeri

154 2624 285 2705 pluralis
308 2623 441 2686 feminin
464 2660 506 2670 -
528 2645 595 2687 αων
615 2625 714 2687 veluti
729 2612 914 2707 ἀγγελιάων,
937 2620 1057 2703 θεάων,
1072 2618 1260 2712 ἡμετεράων,

153 2718 340 2810 ἄγενεεάων,
356 2747 485 2811 quarum
496 2731 742 2792 formarumnsus
752 2729 888 2793 idemest
901 2732 983 2812 apud
991 2730 1160 2795 Hesiodum
1172 2733 1263 2812 (‚,nisi

153 2835 235 2915 qnod
245 2834 277 2895 in
288 2831 391 2911 Scuto,
408 2836 540 2898 carmine
556 2836 850 2918 quadringentorum
860 2855 1014 2915 versuum,
1031 2857 1087 2898 sex
1097 2839 1212 2899 formae
1230 2839 1262 2900 in

155 2971 197 2980 —
212 2937 255 2998 ὥν
274 2941 448 3001 contractae
471 2942 583 3019 sunt‘h,
603 2961 696 3022 quum
718 2940 871 3003 Homerus
889 2941 1029 3020 regulam
1052 2945 1205 3024 sequatur,
1228 2948 1263 3005 ut

153 3044 355 3120 praecedente
384 3045 485 3106 vocali
513 3045 668 3124 genitivus
698 3045 805 3107 declin.
832 3045 919 3125 prim.
949 3046 1028 3127 plur.
1057 3066 1119 3109 non
1141 3048 1263 3110 desinat

152 3145 185 3206 in
197 3141 284 3224 -έων,
308 3149 364 3210 sed
387 3148 585 3211 contrahatur
606 3149 714 3210 ἰε-ῶν
736 3150 834 3212 veluti
856 3152 1008 3235 παρειῶν,
1029 3151 1170 3229 Σκαιῶν,
1189 3175 1260 3238 τρυ-

151 3248 302 3336 φαλειῶν.
342 3252 385 3314 Et
400 3254 525 3315 dativus
539 3254 626 3334 plur„
647 3253 700 3336 qui
715 3254 848 3318 in-oror
859 3256 939 3336 apud
955 3256 1121 3319 Homerum
1138 3258 1261 3338 saepius

152 3356 246 3431 cedit,
276 3376 375 3438 neque
397 3358 439 3419 in
469 3358 582 3440 hymno
611 3378 712 3442 neque
738 3361 821 3441 apud
842 3359 1013 3422 Hesiodum
1035 3363 1177 3442 (excepto
1200 3382 1260 3424 uno

151 3460 324 3539 fragmento
354 3480 383 3522 n.
406 3466 469 3525 222
499 3459 681 3544 Goettling.)
716 3465 830 3526 exstat.
880 3463 969 3528 Unde
990 3465 1129 3527 concludi
1148 3469 1260 3547 potest,

150 3583 212 3626 non
241 3563 335 3643 longo
362 3565 499 3646 tempore
527 3569 600 3648 post
626 3566 794 3630 Homerum
820 3568 899 3630 hano
927 3569 1153 3647 formationem,
1182 3591 1260 3654 quae

150 3669 201 3728 est
223 3667 448 3750 antiquissima,
468 3672 640 3733 evanuisse.
680 3670 724 3734 At
745 3672 878 3754 hymnus
902 3691 1000 3757 aeque
1032 3679 1124 3759 atque
1149 3659 1272 3738 Hesio-¹

151 3770 209 3832 dus
240 3773 379 3835 dativum
407 3774 486 3854 plur.
521 3776 665 3839 terminat
693 3777 821 3856 inere,
860 3796 951 3861 quam
982 3779 1111 3841 formam
1140 3782 1260 3862 respuit

149 3874 302 3939 Homerus
324 3879 407 3957 (nam
428 3878 547 3942 duobus
570 3863 689 3944 tantum
710 3881 787 3944 loeis
810 3901 877 3945 eam
899 3883 1023 3945 admisit
1040 3883 1129 3946 Iliad.
1143 3907 1177 3967 μ,
1196 3891 1259 3950 284

148 3965 264 4055 danais
283 3985 316 4043 et
329 3982 429 4058 θεαῖς
443 3983 474 4044 in
489 3981 602 4066 Odyss.
618 4005 642 4062 ε,
659 3985 744 4064 119),
760 3986 804 4049 sic
819 3987 851 4048 in
865 3987 970 4068 hymni
984 4007 1035 4049 vv.
1057 3992 1120 4052 190
1136 3989 1258 4070 (θεαῖς)

148 4090 181 4147 et
204 4089 267 4148 249
294 4071 381 4166 (αἷς).
425 4087 558 4152 Videtur
585 4089 682 4170 igitur
703 4090 845 4153 hocloco
867 4093 960 4171 poeta
979 4095 1085 4156 noster
1109 4095 1259 4156 rationem

149 4189 329 4266 posterioris
350 4210 480 4272 poeseos
502 4193 609 4274 opicae
632 4194 728 4277 sequi.

235 4284 322 4363 Inter
344 4297 546 4359 adiectiva
567 4297 671 4360 inveni
693 4298 849 4380 duo,quae
872 4301 1077 4383 quum,apud
1089 4299 1257 4378 Homerum

149 4415 270 4479 semper
287 4402 417 4463 duorum
430 4403 552 4465 tantum
567 4405 727 4482 generum‘
741 4403 811 4482 sint,
833 4405 937 4468 tamen
951 4405 983 4467 in
996 4405 1110 4486 hymno
1125 4405 1257 4471 formant
