2828 4814
563 354 777 417 ..77...

117 543 310 609 notissimum
325 545 382 608 est.
427 543 473 608 Ac
495 548 588 627 poeta
608 550 714 606 noster
734 564 803 607 eum
826 545 950 607 secutus
973 551 1022 607 001
1041 547 1136 608 -01
1151 567 1225 608 eom.

118 672 147 712 n.
171 671 223 732 pg.
241 655 293 712 48.
324 650 448 731 Quodsi
472 651 570 710 animo
593 652 697 724 tenes,
720 669 770 709 me
790 651 823 710 in
843 650 950 710 miram
972 670 1007 711 ac
1027 669 1141 730 ragam
1163 653 1226 730 opi-

118 756 239 816 nionem
256 754 439 815 discessisse
451 773 512 814 non
527 753 660 834 putabis,
684 772 777 832 quum
793 755 934 829 statuam,
957 752 1228 834 Gergithibus

117 859 155 919 in
176 859 274 920 urbe
295 857 541 920 Teucrorum
562 857 605 917 in
631 874 730 933 agro
747 856 918 919 Cumano
938 859 1020 919 0110
1041 860 1228 938 hymnum,

118 963 163 1024 de
198 982 274 1042 quo
313 962 483 1041 agimus,
523 962 561 1021 in
600 959 795 1021 Venerem
831 981 925 1022 esse
962 964 1229 1042 compositum

81 1040 94 1059 ’
119 1085 138 1127 0
159 1065 312 1146 rhapsodo
335 1066 472 1145 quodam,
496 1065 601 1142 quiin
624 1063 681 1123 hac
695 1063 822 1141 regione
843 1083 883 1124 ex
905 1065 1127 1144 rhapsodorum
1145 1085 1230 1126 more

119 1170 251 1230 fortasse
273 1170 447 1248 vagabatur
466 1171 497 1229 et
517 1168 577 1227 huc
599 1167 672 1227 11100
694 1167 855 1245 migrabat.
899 1168 1053 1229 Audiebat
1075 1171 1155 1230 enim
1178 1170 1230 1229 ille

118 1273 251 1355 fortasse
278 1273 413 1333 fabulam
437 1272 476 1332 de
500 1270 632 1332 Veneris
663 1272 695 1330 et
716 1269 872 1332 Anchisae
902 1291 1072 1352 congressu
1092 1273 1230 1353 praeola-

119 1376 271 1452 rissimam
293 1381 325 1436 et
346 1376 446 1436 fusius
469 1375 551 1454 apud
573 1374 643 1434 11100
664 1373 799 1435 Teucros
822 1379 1012 1451 enarratam,
1040 1378 1126 1437 cuius
1149 1377 1232 1456 apud

44 1472 47 1476 ’
120 1479 287 1541 Homerum
316 1481 437 1540 tantum
466 1479 601 1557 vestigia
629 1479 778 1556 quaedam
808 1484 934 1540 exstare
964 1499 1024 1540 non
1060 1482 1231 1560 ignorabat.

121 1583 192 1654 Qua
218 1601 293 1643 vero
330 1598 398 1642 eum
427 1601 519 1642 usum
548 1601 619 1642 esse
649 1583 687 1642 ad
718 1583 904 1662 prooemium
932 1582 1151 1644 conficiendum
1172 1604 1233 1645 non

120 1689 204 1766 puto.
248 1685 373 1747 Etenim
392 1703 575 1766 quamquam
593 1687 715 1746 constat
738 1704 757 1746 0
778 1686 940 1766 rhapsodis
964 1706 1084 1766 semper
1105 1689 1232 1767 rhapso-

122 1790 204 1864 diae,
239 1808 329 1869 quam
354 1808 464 1850 canere
491 1790 650 1864 volebant,
684 1788 855 1869 praefixum
884 1809 953 1851 esse
984 1793 1169 1870 prooemium
1197 1810 1233 1853 00

10 1888 13 1893 ’
122 1893 313 1969 0000111001
335 1893 385 1953 dei
405 1895 437 1954 in
456 1891 620 1971 rhapsodia
642 1891 786 1951 celebrati
807 1892 938 1952 honores
959 1892 1111 1970 efferrent,
1130 1901 1233 1956 tamen

121 1997 225 2058 fabula
239 2006 344 2057 nostra
358 1996 417 2056 fuit
431 1995 560 2055 materia
580 1994 686 2073 inepta
709 2012 744 2054 ac
769 1994 872 2075 maior.
911 1994 955 2055 Et
978 2016 1045 2055 eum
1061 1997 1233 2058 lllathiaeol

121 2101 292 2178 interrogo,
330 2100 396 2179 quis
417 2099 490 2174 fuit,
521 2098 572 2177 qui
595 2116 688 2176 quum
708 2096 876 2157 Homerum
905 2099 1012 2159 audire
1041 2100 1150 2179 vellet,
1171 2103 1232 2160 tre-

123 2205 220 2265 eentis
248 2206 359 2285 poetae
389 2201 541 2263 inferioris
563 2202 705 2261 versibus
732 2220 844 2280 pronas
866 2202 955 2263 daret
975 2204 1085 2263 aures?
1129 2204 1234 2275 Quare

122 2328 221 2388 neque
255 2308 402 2388 hymnum
433 2309 572 2366 nostrum
608 2323 706 2384 neque
741 2306 860 2365 ceteros
896 2305 1028 2386 hymnos
1064 2307 1233 2368 homericos

123 2412 253 2472 maiores
269 2431 339 2471 esse
351 2429 406 2491 pro
422 2409 584 2490 prooemiis
600 2409 755 2469 habendos
767 2427 885 2469 censeo.
929 2409 1014 2470 Nihil
1025 2415 1128 2470 antem
1142 2430 1235 2490 posse

41 2574 46 2580 .
125 2516 266 2576 concludi
286 2511 544 2576 Baumeisterus²
574 2516 657 2573 reete
680 2513 754 2574 dicit
784 2533 824 2573 ex
849 2513 971 2573 notione
999 2515 1123 2594 propria
1149 2516 1235 2577 vocis

126 2611 306 2701 προοίμιον,
330 2637 419 2696 quam
439 2613 636 2696 usurpaverit
659 2615 854 2697 Thucydides
876 2616 944 2676 libr.
965 2615 1024 2676 ΠΙ.
1045 2622 1171 2697 ep.104
1197 2618 1236 2678 de

126 2724 239 2804 hymno
259 2721 292 2781 in
311 2720 487 2800 Apollinem
507 2720 638 2796 Delium,
660 2720 731 2799 quia
753 2740 794 2781 ex
816 2721 863 2795 iis,
883 2739 962 2800 quae
984 2719 1235 2782 0110101181οΙ1-

126 2826 265 2886 baumius
288 2825 327 2884 ad
342 2824 420 2886 Plat.
434 2823 562 2885 Phaedr.
573 2843 624 2904 pg.
649 2827 690 2884 60
713 2825 789 2885 satis
812 2824 893 2885 clare
908 2825 1044 2904 prodeat,
1067 2826 1235 2905 prooemio-

117 2948 195 2988 ·rum
221 2949 331 2989 nomen
361 2929 400 2988 de
427 2929 571 2989 universo
600 2947 714 3006 genere
740 2928 924 3006 hymnorum
952 2928 984 2987 in
1005 2926 1180 3008 Apollinem
1203 2931 1236 2990 in

128 3051 186 3091 000
214 3033 318 3094 fuisse.
364 3031 516 3102 Quocirca
543 3034 668 3111 puto,a
689 3030 858 3110 rhapsodo,
882 3031 933 3110 001
951 3031 1086 3091 fabulam
1109 3033 1148 3092 de
1169 3031 1234 3094 An-

128 3135 229 3196 chisae
258 3143 290 3198 01
316 3135 448 3197 Veneris
474 3153 643 3214 congressu
679 3134 732 3195 vel
758 3135 874 3214 primus
903 3134 955 3194 vel
982 3135 1092 3197 latiore
1120 3138 1237 3198 ambitu

127 3239 296 3315 audiverit,
324 3258 391 3300 eam
420 3240 452 3299 in
471 3239 598 3298 formam
620 3237 787 3318 poetieam,
816 3255 894 3316 quae
916 3239 998 3319 apud
1020 3237 1153 3301 Graecos
1172 3248 1237 3302 tum

127 3349 194 3403 erat
216 3345 311 3422 epica,
334 3345 491 3406 redactam
513 3361 599 3419 esse,
627 3344 717 3423 prout
739 3339 938 3420 Gergithibus
961 3344 1237 3407 circumferebatur.

127 3444 236 3506 Ortum
255 3447 351 3524 igitur
372 3452 421 3509 est
443 3466 565 3508 carmen
580 3447 707 3527 epicum,
730 3465 857 3527 quorum
871 3447 969 3508 multa
987 3466 1006 3507 0
1021 3444 1149 3509 Graecis
1173 3453 1238 3509 tum

127 3551 266 3610 confecta
301 3552 380 3609 sunt.
431 3551 511 3612 Hinc
548 3551 602 3611 1110
631 3549 816 3610 homericum
852 3551 972 3612 dicendi
1008 3570 1107 3630 genus
1139 3571 1238 3631 paene

127 3654 302 3732 adaequans
318 3653 413 3714 oratio
428 3654 535 3734 hymni
556 3653 664 3729 nostri,
688 3654 799 3733 quippe
819 3673 996 3735 quaquam
1018 3672 1037 3714 a
1059 3655 1159 3735 poetis
1175 3655 1237 3715 illis

127 3756 287 3818 homericis
307 3753 396 3840 (quos
412 3776 493 3817 nunc
507 3757 677 3838 rhapsodos
692 3753 851 3841 vocamus)
866 3759 993 3819 inventa
1007 3759 1127 3839 legibus
1143 3760 1236 3820 certis

127 3863 296 3923 constituta
328 3863 429 3936 esset,
471 3880 564 3939 quum
601 3881 705 3923 omnes
745 3868 811 3922 tum
839 3862 1010 3943 rhapsodus
1045 3874 1151 3923 noster
1190 3865 1237 3924 011

128 3967 260 4026 calleret.
320 3961 401 4025 Hinc
438 3964 515 4025 illud
546 3966 824 4046 praeclarissimum
856 3959 958 4045 ὕμνου
995 3958 1237 4050 ὃμηρικωτάτου

127 4089 250 4146 nomen,
283 4069 354 4129 hinc
380 4068 512 4146 denique
538 4073 622 4129 totus
654 4070 693 4129 ad
724 4069 867 4130 carminis
900 4069 978 4150 epici
1002 4071 1238 4148 praeclarissimi

201 4323 227 4392 1)
244 4321 278 4376 01.
295 4337 361 4375 com.
380 4337 407 4374 n.
426 4336 472 4391 pg.
486 4320 510 4374 8.

200 4408 228 4478 2)
247 4408 266 4461 l.
284 4409 303 4462 l.
320 4424 366 4478 pg.
382 4411 440 4464 101.
