2828 4814
607 369 822 430 ..55-

170 557 234 619 fllia
264 557 398 639 Dymae,
427 555 589 636 Phrygum
622 557 732 634 rogis1.
780 555 867 618 Haeo
904 555 1005 617 omnia
1031 556 1173 615 veterum
1204 548 1282 613 scri-

169 664 292 742 ptorum
313 660 489 722 testimonia
512 678 694 740 quamquam
704 679 764 720 non
787 661 826 720 ad
845 662 941 722 verba
956 678 1031 720 vera
1045 657 1181 738 putanda
1198 658 1284 730 sunt,

171 770 275 828 tamen
297 765 363 826 sine
385 763 477 824 dubio
501 762 653 839 efficiunt,
683 763 830 824 Troianos
853 768 885 824 et
905 764 1045 844 Phryges
1065 761 1171 823 intima
1191 759 1283 820 fami-

169 869 312 944 liantate,
335 871 406 929 utut
423 867 554 948 populos
573 868 721 946 cognatos
737 867 834 942 decet,
858 868 1035 928 coniunctos
1050 865 1154 926 luisse.
1190 861 1286 932 Quod

173 973 284 1034 sinon
307 974 477 1048 statueres,
498 974 621 1032 veteres
644 971 689 1033 illi
712 973 854 1032 auctores
883 989 985 1049 nugas
1004 959 1190 1031 confabulati
1212 985 1288 1027 esse

171 1078 359 1138 viderentur.

256 1179 324 1241 Iam
352 1199 391 1240 ne
413 1180 519 1241 credat
536 1179 704 1263 quisquam,
726 1200 775 1241 me
797 1180 954 1258 congestis
979 1176 1140 1256 degentis
1163 1175 1288 1237 troioaa

173 1284 291 1364 origine
322 1303 359 1345 ac
382 1284 421 1344 de
443 1284 616 1364 primordiis
639 1289 839 1363 cognatorum
861 1284 1045 1364 populorum
1072 1281 1148 1342 locis
1170 1299 1291 1359 propo-

173 1388 225 1448 siti
247 1389 306 1448 mei
329 1387 456 1453 oblitum
479 1407 556 1449 esse.
588 1388 693 1458 Quare
717 1389 743 1448 si
758 1388 916 1462 concedas,
937 1405 1015 1468 quae
1030 1387 1069 1446 de
1084 1382 1289 1444 Troianorum

172 1491 286 1571 populo
316 1494 387 1552 sunt
420 1491 518 1567 dicta,
550 1512 668 1552 mecum
702 1493 891 1567 consenties,
930 1492 1012 1553 facili
1043 1489 1183 1569 potuisse
1218 1487 1290 1549 fieri

174 1596 318 1674 negotio,
339 1604 374 1657 ut
396 1596 450 1657 illa
469 1597 527 1657 dea
549 1614 677 1674 magna,
700 1597 750 1656 oui
773 1596 854 1675 apud
873 1595 1022 1656 Troianos
1044 1613 1154 1654 nomen
1176 1593 1287 1654 matris

174 1699 288 1760 Idaeae
315 1703 399 1775 erat,
432 1719 501 1760 cum
534 1700 657 1760 numine
687 1699 819 1780 Cybeles
841 1700 893 1760 vel
922 1699 1132 1779 Dindymenes
1168 1697 1290 1774 matris,

175 1804 256 1884 quod
296 1803 377 1882 apud
406 1802 548 1883 Phryges
573 1803 739 1885 Lydosque
774 1805 947 1879 colebatur,
981 1801 1168 1863 multimodis
1202 1805 1293 1863 esset

175 1908 311 1968 confusa.
357 1907 448 1978 Quod
477 1927 551 1968 vero
583 1909 713 1989 qualeve
739 1910 816 1969 illud
843 1929 955 1970 numen
978 1911 1009 1968 et
1032 1907 1115 1987 apud
1138 1903 1295 1967 Troianos

176 2015 208 2071 et
230 2011 313 2090 apud
335 2011 478 2093 Phryges
501 2013 609 2088 fuerit,
640 2013 711 2074 dein
734 2032 813 2094 quae
836 2013 894 2073 dea
916 2033 957 2073 ex
977 2011 1133 2071 ambarum
1153 2007 1295 2070 confusi-

178 2135 235 2176 one
265 2115 307 2175 sit
337 2122 419 2191 orta,
450 2118 627 2178 oxaminare
657 2118 908 2198 supersedemus,
939 2116 1010 2197 quia
1032 2133 1086 2194 pro
1110 2113 1295 2194 quaestione

181 2222 289 2280 nostra
319 2219 451 2280 sufficiet
487 2221 728 2297 demonstrasse,
763 2222 971 2282 confusionem
1001 2219 1067 2280 sine
1102 2217 1194 2279 dubio
1222 2236 1299 2279 esso

178 2324 299 2383 factam.
344 2323 452 2384 Multis
484 2325 565 2385 enim
593 2326 624 2385 in
654 2328 745 2385 rebus
778 2324 926 2385 Troianos
959 2342 1056 2403 aeque
1085 2340 1121 2382 ac
1150 2320 1299 2402 Phryges

179 2445 301 2507 semper
329 2447 398 2488 cum
429 2429 570 2507 cognatis
603 2426 753 2489 Thraciae
781 2429 944 2507 gentibus,
982 2427 1094 2507 priscis
1122 2423 1218 2484 Asiae
1251 2424 1298 2485 in·

178 2530 270 2606 colis,
294 2531 481 2593 artissimum
501 2533 714 2594 commercium
737 2532 840 2611 egisse
862 2532 1051 2592 contendunt
1067 2528 1180 2608 optime
1196 2526 1296 2588 Bern-

98 2658 102 2666 ’
178 2633 335 2715 hardyus2
367 2638 399 2695 et
422 2634 594 2698 Gisekirrs³.
638 2637 705 2697 Dea
733 2656 806 2697 vero
837 2654 950 2716 magna
972 2634 1024 2695 vel
1045 2634 1173 2694 deorum
1194 2633 1301 2699 mater

180 2739 263 2818 apud
297 2736 432 2800 Thraces
464 2740 523 2801 fuit
553 2730 687 2814 Κότυς4
719 2741 771 2800 vel
802 2729 985 2813 Kossorcl5,
1024 2755 1102 2819 quae
1132 2738 1182 2797 est
1210 2736 1298 2815 apud

178 2841 321 2920 Phryges
351 2842 481 2923 Cybele,
511 2845 593 2923 apud
624 2842 771 2904 Troianos
803 2850 901 2904 mater
933 2841 1036 2902 Idaea.
1081 2839 1229 2904 Ceterum
1259 2841 1300 2901 ab

109 2986 126 3007 ..
181 2945 332 3022 Homero,
356 2947 408 3028 qui
431 2945 595 3024 Troianos,
617 2948 774 3029 Phryges,
796 2945 931 3008 Thraces
954 2945 1053 3006 socios
1069 2944 1165 3004 fuisse
1180 2946 1300 3019 narrat,

181 3049 323 3110 Priamus
345 3048 506 3112 Thraciam
528 3053 681 3133 quandam
710 3053 853 3113 feminam
875 3049 1024 3131 Aisymae
1054 3051 1153 3108 ortam
1182 3047 1215 3106 in
1235 3065 1301 3108 ma·

165 3154 358 3214 ·trimonium
384 3155 511 3217 duxisse
541 3157 680 3217 traditur.
735 3156 841 3225 Quare
874 3158 909 3216 ut
944 3154 1067 3215 nominc
1105 3150 1302 3229 singulorum

182 3255 326 3318 deorum6
357 3259 382 3318 it
431 3261 527 3319 totam
555 3260 735 3338 religionem
763 3258 916 3320 Thracum
944 3276 1013 3319 cum
1045 3255 1248 3332 cognatorum
1269 3264 1302 3315 et

183 3364 275 3422 antea
310 3362 540 3424 coniunctorum
574 3365 756 3444 populorum
802 3362 925 3442 saepius
956 3380 1043 3436 esse,
1080 3363 1115 3420 ut
1160 3357 1303 3419 breviter

184 3465 291 3541 dicam,
313 3468 473 3528 confusam
498 3486 558 3527 non
582 3468 648 3528 sine
669 3467 811 3528 veritatis
835 3467 966 3547 quadam
990 3463 1091 3543 specie
1114 3461 1301 3523 concludere

184 3588 357 3648 possumus.
397 3569 506 3652 Neque
525 3571 556 3631 in
579 3571 636 3632 hoo
658 3572 731 3632 licet
749 3577 899 3650 perstare.
936 3568 1061 3629 Etenim
1083 3565 1301 3646 antiquissimo

184 3680 321 3753 tempore
341 3674 372 3734 in
395 3675 496 3736 insula
511 3673 711 3737 Samothraca
732 3676 813 3735 inter
836 3673 984 3734 solemnia
1003 3672 1186 3751 religionum
1209 3687 1303 3731 sacra

257 3904 283 3970 1)
301 3905 379 3962 Hom
396 3903 476 3959 Iliad.
496 3924 525 3968 π,
546 3905 596 3959 716
615 3920 687 3972 sqq.;
707 3906 727 3966 ζ,
745 3903 798 3958 218
816 3917 875 3971 sqq.

252 3991 284 4059 2)
304 3990 376 4045 Hist.
394 3991 449 4046 litt.
471 4008 558 4061 graec.
577 3992 591 4045 I
611 4007 658 4059 pg.
678 3991 728 4045 162
747 4006 807 4058 sqq.

257 4076 285 4145 3)
304 4077 323 4130 L
342 4078 361 4131 l.
379 4094 424 4148 pg.
444 4079 468 4132 3.

256 4167 284 4236 4)
304 4165 425 4221 Gerhard
441 4165 460 4218 l.
481 4165 499 4218 l.
516 4165 530 4218 I
548 4165 637 4232 §.145
655 4179 675 4219 c.
698 4162 759 4218 adn.
781 4165 806 4226 3,
824 4163 852 4215 et
870 4160 973 4228 §.1493
993 4154 1080 4210 Strab.
1093 4153 1158 4207 XVI
1169 4169 1216 4222 pg.
1230 4156 1302 4219 7213

188 4252 349 4323 Aeschylum
368 4252 439 4321 apud
458 4251 545 4306 Strab.
562 4251 588 4304 X
605 4268 650 4320 pg.
670 4251 738 4312 4703
762 4248 875 4305 Lobeck.
893 4242 1070 4319 Aglaopham.
1086 4257 1132 4314 pg.
1153 4241 1223 4297 1014
1239 4257 1304 4313 sqq.

260 4342 287 4411 5)
304 4340 416 4409 Eupolis
433 4339 506 4408 apud
523 4337 638 4408 Hesych.
659 4354 679 4391 s.
698 4354 724 4390 v.

259 4429 286 4498 6)
306 4427 339 4484 cf.
358 4426 470 4487 Lobeola
481 4425 622 4499 Aglaoph.
641 4441 686 4494 pg.
708 4424 776 4480 1115
794 4439 834 4493 sq.
