2828 4814
611 366 805 423 ..9.-

156 553 249 630 longa
276 548 445 629 excogitari
472 550 594 630 potest!
637 546 696 608 Est
725 548 821 626 igitur
849 569 890 609 ex
920 549 1075 610 sententia
1107 549 1269 611 Matthiaei

157 673 277 715 carmen
303 657 444 715 nostrum
471 674 526 734 pro
546 672 621 714 vero
644 652 799 732 prooemio
822 653 1011 730 habendum,
1042 673 1101 736 quo
1123 651 1269 734 rhapsodi

155 759 339 820 inchoabant
352 759 404 819 vel
420 777 488 819 eam
503 757 671 819 carminum
685 757 906 818 homericorum
916 761 1045 837 partem,
1068 777 1128 840 qua
1143 757 1267 819 Aeneas

155 862 339 943 cognatique
366 862 433 922 eius
463 861 595 922 maxime
627 860 877 936 celebrabantur,
901 862 953 922 vel
984 841 1134 938 carmir'ra,
1156 862 1267 943 quibus

155 963 279 1027 Aeneae
300 985 351 1027 res
374 968 484 1044 gestae
505 965 649 1027 laudibus
672 964 909 1027 extollebantur.
961 967 1052 1037 Quae
1074 965 1106 1027 in
1131 965 1268 1041 urbibus,

153 1070 184 1130 in
205 1050 315 1151 quibus
331 1067 494 1131 Aeneadae
510 1071 690 1149 regnabant,
705 1071 859 1149 permulta
870 1069 967 1132 fuisse
983 1070 1173 1131 Matthiaeus
1188 1071 1266 1130 vult.

241 1172 352 1254 Opinio
384 1193 459 1235 sane
482 1173 612 1254 optima,
641 1191 733 1254 quam
756 1174 795 1233 ad
814 1176 952 1236 nostram
972 1175 1072 1255 ipsam
1093 1175 1133 1235 de
1151 1175 1264 1255 hymno

154 1278 338 1339 sententiam
361 1278 591 1359 concipiendam
612 1277 764 1337 maximae
787 1277 883 1338 fuisse
904 1278 1030 1340 utilitati
1052 1280 1184 1340 libenter
1198 1298 1268 1358 prc-

152 1383 282 1443 fitemur.
313 1383 486 1444 Dolendum
509 1383 612 1442 autem
634 1383 691 1456 est,
710 1381 792 1462 quod
814 1381 1004 1444 Matthiaeus
1025 1402 1072 1458 ea,
1093 1402 1172 1465 quae
1197 1403 1267 1462 pro-

153 1487 240 1563 tulit,
269 1487 369 1567 magis
401 1506 469 1548 cum
498 1485 686 1553 divinatione
708 1487 840 1568 quadam
858 1486 1043 1548 coniectavit
1064 1506 1155 1568 quam
1175 1506 1268 1568 argu-

152 1595 256 1651 menta
284 1589 414 1671 protulit
446 1593 531 1650 certa
561 1610 601 1650 ex
631 1589 739 1671 hymni
764 1589 863 1670 ipsius
892 1594 924 1652 et
951 1591 1055 1652 fabula
1076 1594 1108 1652 et
1131 1592 1268 1653 oratione

153 1696 258 1774 petita,
280 1695 391 1776 quibus
414 1713 491 1774 opus
516 1697 566 1755 est
583 1681 722 1776 quaeque
745 1693 810 1754 sola
832 1694 948 1776 aliquid
969 1695 1047 1756 certi
1069 1695 1268 1756 constituunt.
1378 1716 1380 1720 ·

240 1798 323 1860 Ante
342 1798 543 1860 Matthiaeum
571 1798 636 1859 Ioh.
659 1798 754 1860 Henr.
775 1798 908 1860 Vossius
931 1799 963 1860 in
985 1799 1126 1880 epistolis
1145 1800 1267 1880 mytho-

152 1904 263 1983 logieis
293 1903 377 1983 (edit.
406 1904 493 1984 prim.
522 1904 583 1964 vol.
605 1903 639 1963 Π
669 1903 759 1982 epist.
783 1908 821 1965 31
853 1904 1266 1983 pg.176;edit.secund.,

153 2027 212 2090 qua
242 2027 300 2087 ego
323 2028 400 2068 usus
429 2027 505 2083 sum,
529 2007 589 2067 vol.
604 2005 639 2066 Π
661 2005 750 2086 epist.
774 2009 814 2066 69
833 2026 885 2086 pg.
909 2005 984 2084 297)
1004 2007 1176 2087 opinionem
1196 2028 1266 2088 pro-

152 2112 225 2173 tulit
247 2112 285 2171 de
307 2111 421 2190 hymno
445 2111 560 2186 nostro,
573 2129 669 2191 ,quem
690 2109 739 2170 uti
761 2129 866 2171 omnes
882 2110 966 2171 illius
982 2111 1094 2172 aetatis
1109 2111 1168 2172 viri
1183 2112 1267 2173 docti

152 2214 285 2276 Homero
313 2213 468 2276 abiudieat
496 2215 534 2274 ob
565 2234 617 2275 res
646 2235 686 2276 ex
715 2233 783 2276 mea
814 2215 935 2296 quidem
958 2216 1112 2277 sententia
1129 2217 1267 2279 ‘nimium

152 2319 282 2398 exiguas
313 2354 356 2363 -
385 2338 457 2380 nam
480 2319 557 2380 aliae
582 2322 654 2381 sunt
676 2338 788 2381 causae
811 2322 844 2381 et
865 2320 961 2382 multo
986 2320 1146 2400 graviores
1173 2357 1208 2366 —
1235 2325 1266 2384 et

150 2423 260 2485 tribuit
287 2423 397 2499 aetati,
424 2441 486 2505 qua
513 2423 593 2485 vixit
620 2421 799 2501 Anacreon,
828 2423 859 2484 id
889 2427 938 2486 est
959 2425 1039 2486 circa
1062 2424 1265 2506 olympiadem

152 2527 378 2606 sexagesimam
408 2529 484 2607 (540
505 2545 531 2588 a.
555 2527 624 2592 (ihr.
646 2527 689 2606 n.)
703 2528 722 2588 ¹.
767 2526 811 2589 At
833 2531 939 2589 contra
961 2528 1109 2590 Vossium
1130 2530 1267 2592 surrexit

150 2631 340 2692 Matthiaeus
368 2632 400 2692 in
430 2633 508 2694 libro
541 2633 670 2695 anobis
694 2633 950 2713 supralaudato,
978 2633 1030 2716 qui
1052 2633 1104 2711 ait,
1124 2634 1265 2696 dictionis

151 2736 283 2797 colorem
305 2736 520 2817 simpliciorem
541 2728 616 2798 esse
636 2740 668 2798 et
691 2737 848 2814 altiorem,
881 2739 979 2800 itaut
1001 2739 1136 2821 hymnus
1160 2743 1266 2802 noster

148 2841 228 2902 inter
257 2841 395 2901 homines
426 2841 587 2921 elegantes
617 2844 650 2903 et
678 2842 763 2903 cultu
792 2842 876 2904 vitae
899 2844 1079 2907 humaniore
1101 2843 1265 2924 expolitos,

132 2964 211 3005 anon
239 2946 342 3006 autem
371 2945 453 3024 apud
478 2945 626 3025 populum
648 2946 766 3007 deliciis
789 2949 822 3007 et
842 2947 969 3008 mollitie
992 2948 1123 3009 fractum
1145 2967 1265 3029 compo-

152 3049 230 3109 situs
246 3067 316 3108 esse
330 3048 437 3128 possit.
469 3049 594 3119 Quanta
609 3069 683 3112 vero
699 3050 823 3112 luxuria
839 3053 871 3111 et
882 3051 1009 3113 mollitie
1021 3050 1115 3113 Iones
1126 3051 1263 3115 Anacre-

151 3153 231 3214 ontis
255 3154 357 3214 aetate
378 3152 467 3234 quasi
488 3153 590 3214 obruti
612 3154 726 3215 fuerint
741 3154 810 3237 quis
825 3154 942 3218 nescit?
970 3155 1124 3227 Quocirca
1138 3157 1265 3220 Matthi-

149 3277 225 3321 aeus
247 3259 395 3339 hymnum
413 3260 554 3319 nostrum
575 3257 681 3321 Ioniae
700 3261 794 3322 rebus
813 3260 992 3323 florentibus
1008 3261 1180 3323 confectum
1195 3282 1265 3324 esse

149 3328 406 3445 mavult,¹quum
433 3363 595 3444 disciplina
617 3354 741 3445 patrum
762 3366 842 3426 bene
862 3368 988 3427 servata
1009 3385 1110 3428 mores
1131 3368 1265 3429 nondum

149 3467 285 3548 corrupti
306 3471 421 3543 essent,
441 3469 575 3530 fortasse
597 3470 744 3549 tempore,
766 3489 824 3550 quo
848 3469 928 3531 vixit
951 3469 1161 3548 Mimnermus,
1185 3472 1266 3534 circa

149 3571 363 3653 Olympiadem
393 3573 576 3634 tricesimam
603 3574 764 3654 septimam
788 3575 825 3652 (a.
849 3578 911 3636 630
935 3576 997 3636 ant.
1021 3574 1132 3640 Christ.
1155 3577 1230 3654 nat.)
1243 3576 1264 3638 ².

149 3675 294 3758 Sequitur
326 3675 398 3737 dein
420 3674 615 3740 Godofredus
637 3678 851 3755 Hermennus,
880 3679 983 3760 quiin
1006 3680 1138 3760 epistola
1161 3681 1201 3742 ad
1222 3680 1264 3742 Il·

150 3780 274 3859 genium
303 3782 377 3843 data
407 3783 440 3843 et
466 3782 594 3844 editioni
615 3782 798 3864 hymnorum
829 3802 904 3845 suae
936 3783 1075 3864 praefixa
1097 3786 1263 3864 contendit,

148 3885 279 3966 hymnos
302 3885 481 3947 Homericos
503 3886 617 3957 multas
638 3888 795 3968 accepisse
810 3889 914 3950 clades
930 3889 968 3950 ab
984 3888 1265 3969 interpolatoribus‚
1290 3962 1293 3963 γ

149 3990 200 4072 qui
220 3990 318 4052 multa
338 3992 529 4067 mutassent,
556 3992 779 4073 dempsissent,
809 3993 1017 4070 addidissent,
1036 4014 1097 4055 non
1118 3996 1208 4057 modo
1230 3998 1266 4057 ut

148 4095 273 4157 diversa
308 4095 443 4157 earmina
471 4098 727 4158 connecterentur
755 4099 788 4158 et
817 4098 995 4176 tolleretur,
1034 4099 1062 4160 si
1092 4099 1166 4181 qnid
1196 4119 1266 4161 cum

152 4199 219 4259 aliis
235 4198 312 4260 locis
328 4195 493 4279 pugnaret,
511 4200 669 4263 sedetiam
683 4203 719 4262 ut
731 4201 821 4281 plura
832 4202 975 4278 carmina,
991 4203 1023 4264 in
1034 4204 1145 4285 quibus
1158 4204 1266 4265 eadem

220 4367 247 4434 1)
264 4366 298 4420 ef.
317 4366 476 4437 Bernhardy
494 4365 589 4423 Gesch.
608 4367 634 4423 d.
653 4367 758 4424 Grieeh.
777 4369 845 4425 Litt.
862 4341 912 4435 11³,
933 4372 948 4426 1
967 4339 1017 4440 pgi
1027 4370 1069 4424 62.

219 4451 247 4522 2)
266 4452 299 4507 of.
317 4453 475 4525 Bernhardy
492 4452 587 4511 Gesch.
606 4455 631 4511 d.
649 4454 755 4512 Grieeh.
774 4456 843 4513 Litt.
859 4456 911 4523 11³,
928 4457 947 4512 1
962 4457 1088 4524 pabbb.
