2828 4814
646 323 862 380 -10-

197 527 249 569 res
271 509 404 570 tractata
422 511 515 584 osset,
537 509 569 568 in
589 527 684 568 unum
707 507 974 569 confunderentur.
1006 507 1130 569 Etenim
1149 509 1219 570 ille:
1253 511 1325 586 ,De

197 613 388 692 majoribus,‘
408 613 537 694 inquit‚1
560 612 699 688 ‚Homeri
717 612 840 694 hymnis
861 613 966 673 nullus
981 617 1038 688 est,
1061 632 1153 694 quam
1170 613 1224 674 alii
1242 634 1324 696 poe·

198 719 249 778 tae
266 737 328 778 non
351 717 621 798 interpolaverint:
643 716 869 795 conjunxerunt
892 717 972 778 enim
983 717 1099 778 librarii
1115 717 1323 782 diversarum

198 821 410 882 recensionum
431 822 598 883 lectiones‘
641 821 733 893 Quod
755 821 787 881 in
804 841 908 882 omnes
924 822 1055 904 hymnos
1070 820 1202 884 maiores
1219 824 1322 901 cadit,

110 1010 112 1015 .
198 926 230 986 id
265 926 296 987 in
324 929 464 987 nostrum
495 946 615 1008 quoque
644 926 791 1007 hymnum
819 927 909 987 cadat
936 945 1065 988 necesso
1094 927 1152 987 est.
1195 925 1323 1010 ‚Itaque

198 1029 264 1108 agit
292 1029 488 1092 Hermannus
516 1031 561 1090 in
578 1030 712 1091 editione
740 1031 804 1110 (pg.
821 1035 861 1092 89
874 1031 983 1108 -95)
1000 1032 1050 1096 ¹de
1079 1029 1186 1112 hymni
1216 1031 1322 1094 inter·

199 1134 413 1214 polationibus,
436 1154 513 1216 quas
535 1154 606 1196 esse
625 1135 717 1196 iubet.
762 1135 855 1196 Putat
877 1135 959 1196 enirn
979 1135 1060 1196 hunc
1083 1128 1203 1216 quoque
1224 1135 1320 1216 hym-

198 1259 271 1301 num
293 1259 311 1300 e
334 1240 452 1301 duabus
475 1240 703 1302 recensionibus
726 1259 795 1300 esse
818 1241 997 1314 conflatum,
1031 1258 1160 1321 quarum
1182 1238 1322 1302 alteram

199 1344 298 1404 codex
321 1343 545 1406 Moscoviensis
567 1346 659 1423 (nunc
680 1344 854 1421 Leidensis)
876 1357 923 1389 -’
943 1363 1022 1405 anno
1041 1347 1125 1405 1780
1141 1362 1158 1403 e
1174 1343 1321 1407 tenebris

199 1447 402 1509 bibliothecae
432 1446 463 1509 S.
486 1447 605 1530 Synodi
635 1447 790 1514 aOhrist.
824 1445 895 1508 Frd.
941 1447 1110 1509 Matthiaeo
1135 1450 1248 1508 erutus
1272 1485 1321 1494 -

200 1552 232 1611 of
244 1551 410 1613 Baumeist.
424 1553 543 1633 proleg.
558 1572 610 1632 pg.
627 1556 668 1615 93
685 1587 725 1595 -
743 1551 779 1613 of.
789 1570 889 1637 ¹snpra
904 1553 1033 1632 praefat.
1052 1571 1103 1631 pg.
1121 1547 1172 1634 2),
1182 1551 1320 1615 alteram

200 1656 296 1717 ceteri
329 1656 450 1719 codices
488 1661 665 1738 sequuntur.
718 1656 820 1727 Quam
850 1657 1023 1736 opinionem
1052 1658 1088 1716 ut
1118 1652 1320 1719 confirmaret

199 1759 395 1822 Hermannus
419 1759 542 1841 singula
564 1760 794 1822 accuratissime
816 1761 969 1822 tractavit.
994 1761 1205 1821 Hermannum
1226 1779 1321 1840 prae·

201 1867 356 1944 captorem
385 1867 508 1946 excepit
526 1864 598 1926 Frd.
617 1865 786 1941 Frankius,
819 1866 872 1947 qni
902 1884 1083 1948 quamquam
1106 1865 1145 1926 de
1170 1865 1239 1926 tota
1259 1865 1320 1946 hy-

199 1988 338 2030 mnorum
373 1970 552 2032 collectione
581 1971 765 2031 sententiam
787 1970 859 2031 tulit
880 1973 1033 2051 -putat
1061 1968 1154 2044 enim,
1183 1967 1322 2050 hymnos

199 2074 331 2134 maiores
353 2094 424 2135 esse
445 2076 602 2156 tamquam
623 2074 759 2135 carmina
779 2073 917 2135 aditialia
940 2064 1128 2156 (προσόδια)
1150 2072 1182 2133 in
1203 2092 1321 2154 pompa

200 2177 240 2236 ad
268 2178 418 2258 templum
439 2179 603 2240 accedente
625 2181 764 2239 cantata:
786 2181 822 2239 cf.
845 2180 940 2259 praef.
960 2199 1012 2259 pg.
1035 2176 1119 2238 ΧΙΧ
1138 2211 1190 2254 -,
1212 2179 1320 2239 tamen

201 2280 240 2340 de
261 2282 375 2363 hymno
399 2286 504 2344 nostro
527 2281 676 2362 singulari
698 2301 760 2343 non
782 2283 856 2362 agit.

285 2383 408 2466 Agmen
424 2387 576 2448 editorum
591 2386 745 2448 concludit
759 2385 1000 2461 Baumeisterus,
1015 2386 1102 2447 cuius
1118 2385 1212 2447 editio
1227 2385 1315 2468 hym-

202 2508 311 2550 norum
324 2491 439 2552 ‘maior
465 2510 492 2552 a.
510 2494 595 2553 1860
625 2492 657 2552 in
687 2490 787 2552 lucem
810 2490 933 2571 prodiit.
946 2489 993 2550 -Is
1015 2489 1096 2550 enim
1118 2489 1150 2550 in
1172 2491 1316 2570 prologo·

200 2593 298 2655 menis
335 2598 498 2675 postquam
534 2597 665 2676 hymnos
696 2614 801 2656 omnes
832 2593 965 2655 Homero
995 2592 1216 2655 abiudicandos
1246 2614 1322 2656 esse

202 2699 352 2775 ostendit,
381 2699 556 2779 suspicatur
584 2719 637 2761 eos
666 2719 722 2780 per
749 2698 995 2774 Onomacritum,
1028 2718 1119 2780 quem
1150 2698 1216 2778 (pg.
1242 2700 1322 2777 103)

201 2802 451 2882 interpolatorem
478 2802 605 2865 Homeri
635 2804 768 2865 clamant
797 2823 902 2864 omnes
929 2803 1015 2864 etin
1036 2801 1207 2863 Hesiodum
1229 2821 1323 2882 gras-

203 2911 304 2968 satum
329 2927 399 2968 eum
428 2927 499 2969 esse
525 2928 624 2988 nuper
647 2911 805 2988 repertum
837 2908 901 2982 est,
932 2907 984 2968 vel
1007 2925 1063 2986 per
1085 2906 1152 2966 eius
1170 2906 1325 2969 familiam

203 3031 273 3073 esso
296 3013 489 3092 compositos,
511 3015 547 3072 ut
568 3013 705 3092 ipsorum
727 3012 858 3073 novellis
882 3011 1082 3091 religionibus
1105 3044 1149 3054 -
1163 3007 1324 3089 Orphicas

162 3163 163 3166 ,
202 3119 278 3196 puta
301 3117 613 3179 —benevolentiam
640 3118 795 3178 commode
826 3118 1000 3179 conflarent.
1052 3115 1123 3186 Qua
1153 3133 1194 3174 ex
1217 3116 1324 3177 conie-

203 3220 533 3282 cturaBaumeisterus
556 3213 689 3283 laceram
711 3225 743 3283 ot
765 3221 982 3302 interpolatam
1002 3221 1131 3280 formam
1146 3219 1327 3282 carminum

204 3325 269 3385 fere
285 3325 418 3387 omnium
434 3326 675 3388 commodissime
688 3346 780 3407 posse
793 3326 941 3407 explicari
952 3324 1033 3386 dicit.
1061 3324 1158 3386 Miror
1168 3300 1327 3404 equidem,

205 3428 287 3510 quod
314 3430 363 3491 vir
386 3431 563 3512 ceteroquin
595 3431 807 3507 cautissimus,
842 3430 893 3511 qui
921 3428 1109 3491 coniiciendo
1130 3432 1194 3488 tam
1216 3431 1327 3492 arctos

206 3533 310 3613 posuit
332 3533 418 3611 fines,
441 3535 473 3595 in
496 3538 559 3597 tam
582 3537 730 3597 audacem
752 3535 967 3610 coniecturam,
990 3551 1069 3615 quae
1084 3531 1169 3593 nulla
1184 3534 1273 3593 certa
1288 3554 1327 3596 re

207 3637 353 3715 firmatur,
379 3639 494 3701 incidit.
548 3640 662 3702 Melius
690 3640 804 3702 iudicat
827 3642 890 3720 (pg.
912 3638 988 3716 250)
1009 3639 1048 3699 de
1069 3638 1182 3717 hymno
1204 3639 1327 3700 nostro.

149 3796 153 3803 ,
205 3741 330 3818 Etenim
359 3764 399 3805 ex
425 3745 537 3805 natura
558 3744 707 3822 Veneris,
729 3744 829 3826 qualis
851 3743 883 3804 in
905 3743 1018 3824 hymno
1039 3744 1145 3802 nostro
1169 3743 1235 3814 est,
1259 3761 1328 3804 non
1368 3794 1374 3805 .

206 3847 347 3908 dissimili
374 3866 506 3929 magnae
534 3849 625 3911 matri
651 3849 704 3909 vel
731 3847 839 3910 Rheae
859 3847 1014 3929 Phrygiae
1036 3848 1068 3907 ct
1088 3864 1128 3906 ex
1148 3863 1200 3920 eo,
1238 3849 1329 3926 qnod

207 3955 421 4030 argumentum
443 3953 549 4033 hymni
570 3956 669 4014 totum
688 3955 738 4014 est
759 3953 791 4013 in
814 3951 926 4013 fabulis
945 3951 1071 4025 Troicis,
1094 3949 1241 4030 hymnum
1261 3958 1329 4012 non

206 4060 277 4145 ante
307 4076 376 4117 eam
405 4058 552 4133 aetatem,
581 4075 641 4138 qua
668 4058 771 4118 cultus
793 4074 925 4137 magnae
946 4054 1055 4117 matris
1077 4053 1159 4134 apud
1183 4047 1330 4118 Graecos

206 4158 302 4222 Asiae
328 4160 445 4222 incolas
474 4161 620 4238 invaluit,
649 4162 747 4244 iisque
769 4162 861 4238 locis,
890 4161 942 4222 ubi
963 4162 1023 4221 hac
1044 4158 1167 4223 fabulae
1189 4176 1246 4237 per
1269 4178 1329 4222 ora

280 4397 306 4465 1)
324 4413 370 4467 ns·
389 4394 448 4450 XX·
