2828 4814
616 338 837 395 ..28-

177 527 300 586 -150.
329 524 394 586 Neo
418 525 529 586 desunt
554 525 599 585 illi
619 525 651 586 in
672 527 785 606 hymno
808 560 849 569 —
871 527 917 587 uti
938 546 967 586 v.
986 527 1025 587 15
1041 524 1142 586 θεῖσα
1158 515 1280 609 ἑκάστῃ

177 632 209 690 θῖ
230 651 258 689 v.
275 632 337 690 212
365 618 457 690 εἶπεν
476 623 512 690 δὲ
532 621 662 705 ἕκαστα,
684 648 755 690 nam
778 649 885 691 vocem
905 622 1039 703 ἕκαστος
1062 629 1214 708 digammo
1238 628 1286 689 in-

177 734 324 794 structam
345 753 405 794 non
427 733 523 795 fuisse
548 733 637 794 dooet
658 730 718 812 (ig.
742 733 866 797 curtius
890 734 920 813 (l.
932 734 951 794 l.
972 754 1024 815 pg.
1041 734 1125 811 426),
1148 734 1200 815 qui
1215 752 1287 794 eam

176 855 216 896 ex
237 836 333 917 stirpe
355 837 485 897 nominis
507 836 672 898 numeralis
695 822 749 912 εἷς,
769 856 847 918 quae
863 839 912 898 est
927 829 969 913 iv,
993 844 1025 898 et
1039 857 1080 899 ox
1097 837 1288 919 pronominis

176 940 390 1020 interrogatiri
418 941 468 1001 vel
501 939 652 1002 indefiniti
682 940 784 1002 radios
814 941 1087 1022 antiquissimam
1109 943 1200 1024 (quae
1221 961 1289 1003 ser-

176 1047 251 1105 vata
272 1046 322 1105 est
341 1044 372 1105 iu
396 1045 519 1106 dialecti
538 1045 650 1106 Jonum
671 1045 852 1125 posterioris
873 1045 979 1106 formis
1000 1046 1068 1122 κοῦ,
1089 1045 1160 1123 κῶς,
1177 1039 1290 1123 κόθεν,

177 1148 266 1222 κοῖος
288 1148 367 1226 aliis)
389 1148 570 1229 superlativi
591 1149 803 1210 terminatione
826 1169 895 1210 osse
910 1151 1070 1211 formatam
1083 1148 1165 1224 dieit,
1188 1149 1291 1211 veluti

177 1242 362 1333 ἑ-κά-τερθς
387 1255 437 1314 θεῖ
468 1253 702 1334 eomparativus.
752 1253 870 1315 Eodem
902 1254 991 1314 modo
1014 1256 1063 1315 θεῖ
1090 1253 1291 1315 indicandum

178 1357 216 1417 de
244 1356 330 1417 hiatu
358 1357 389 1418 in
417 1378 446 1417 v.
470 1362 530 1420 178
562 1347 748 1436 ἰνδάλλομαι
772 1346 872 1432 εἶναι,
905 1379 938 1418 v:
963 1360 1024 1419 225
1055 1349 1124 1441 ἤτοι
1155 1353 1230 1432 εἵως
1254 1360 1292 1420 θῖ

176 1481 205 1520 v.
231 1464 293 1521 230
310 1452 381 1544 ἤτοι
397 1447 486 1546 εὐνῆς
509 1462 710 1543 (diphthongo
732 1482 793 1522 non
809 1464 970 1541 correpta),
993 1482 1022 1522 v.
1037 1466 1098 1523 228
1116 1455 1290 1538 κατέχυντο

176 1556 321 1648 ἔθειραι,
349 1585 400 1626 vv.
425 1570 487 1629 223
520 1568 552 1626 et
583 1570 646 1627 230
669 1556 790 1626 πότνια
812 1557 918 1641 Ἠώς,
950 1585 1021 1627 nam
1041 1585 1104 1626 vox
1121 1557 1215 1639 Ἠώς
1238 1567 1291 1643 (ef.

177 1666 236 1749 Gg.
268 1669 366 1732 Curtii
396 1670 415 1729 l.
435 1670 455 1729 l.
477 1690 528 1749 pg.
544 1674 622 1731 372:
660 1671 691 1731 in
713 1670 821 1749 lingua
842 1668 1001 1731 Sansorita
1023 1671 1159 1745 ush-a-s,
1187 1670 1288 1732 latine

176 1776 318 1848 ,aurora‘
337 1793 378 1834 ox
393 1771 527 1849 aus-dua,
551 1774 723 1853 germaniae
740 1771 850 1853 ‹is-tar)
861 1775 1022 1835 decurtata
1043 1776 1092 1835 est
1114 1794 1154 1835 ex
1173 1762 1289 1849 Ἠσώς

176 1878 260 1938 nullo
283 1877 434 1957 digammo
455 1877 601 1959 praefixo.
645 1877 732 1938 Duae
756 1880 858 1940 autem
880 1879 952 1938 sunt
970 1897 1091 1953 oausae,
1113 1878 1288 1959 exquibus

175 1981 278 2042 hiatus
312 1982 363 2042 vel
393 1982 566 2062 explicatur
596 1983 648 2042 uel
679 1983 799 2043 omnino
829 2002 846 2043 θ
874 1982 973 2043 madio
1005 1982 1124 2043 tollitur
1145 1983 1180 2042 ut
1203 1985 1289 2061 apud

176 2084 343 2146 Homerum
364 2086 408 2146 ita
429 2086 460 2146 in
482 2086 595 2167 hymno
619 2089 733 2148 nostro.
761 2084 808 2146 Ae
828 2086 959 2166 primum
982 2085 1021 2163 (Ι)
1045 2087 1166 2168 quidem
1182 2086 1287 2148 hiatus

176 2190 300 2250 tolerari
322 2191 425 2268 potest
447 2210 488 2250 ex
509 2191 554 2250 rei
577 2191 721 2252 metricae
741 2191 873 2269 legibus,
892 2210 1002 2270 nempe
1026 2191 1057 2268 1)
1073 2192 1145 2270 post
1159 2190 1287 2252 vocales

176 2293 341 2373 productas
362 2293 415 2352 vel
429 2293 636 2372 diphthongos
652 2294 683 2354 in
698 2312 826 2354 oaesura
841 2294 978 2355 mascula
993 2295 1041 2372 (of.
1057 2292 1145 2354 iliad.
1161 2315 1191 2370 oe,
1210 2298 1281 2355 203.

169 2397 265 2474 230),
290 2396 321 2474 2)
346 2397 457 2458 deinde
479 2400 550 2479 post
572 2399 874 2479 vooales,oorreptas
897 2399 929 2458 iu
952 2416 1080 2459 caesura
1090 2398 1179 2478 pedis
1195 2397 1288 2459 tertia

178 2501 332 2563 troohaioa
358 2502 407 2579 (of.
440 2500 528 2562 Iliad.
553 2523 583 2578 a,
614 2503 705 2578 565),
736 2502 769 2579 3)
791 2504 856 2562 tum
878 2503 910 2562 in
932 2520 1060 2563 oaesura
1078 2502 1217 2564 buoolioa
1237 2503 1288 2580 (of.

177 2605 265 2667 Iliad.
288 2627 312 2681 a,
343 2606 428 2683 568),
453 2608 485 2684 4)
508 2606 638 2687 denique
660 2607 692 2667 in
714 2625 842 2668 oaesura
861 2611 932 2686 post
953 2607 1062 2686 pedem
1083 2606 1215 2687 primum
1238 2607 1289 2684 (of.

178 2709 267 2769 Iliad.
292 2729 321 2784 u,
353 2713 403 2770 39.
425 2709 509 2786 532).
562 2708 701 2772 Secundo
731 2711 797 2771 looo
833 2710 889 2790 (H)
922 2710 1215 2771 commemorandum
1238 2714 1291 2774 est

181 2831 236 2873 nos
258 2832 320 2873 nou
342 2812 454 2874 offendi
475 2813 569 2888 hiatu,
590 2813 642 2894 qui
664 2833 704 2874 ex
727 2813 848 2892 legibus
870 2814 1041 2894 prosodiae,
1065 2833 1156 2895 qnam
1172 2814 1290 2891 dieunt,

179 2917 321 2978 exousari
350 2918 464 2998 possit,
494 2938 603 2998 nempe
636 2918 666 2996 1)
699 2918 726 2979 si
754 2937 818 2978 vox
843 2917 926 2998 prior
956 2918 1069 2978 desinit
1096 2918 1128 2979 in
1149 2919 1292 2980 vocalem

180 3023 366 3100 productam,
398 3022 510 3103 quippe
537 3040 614 3104 quae
641 3022 756 3083 amissa
782 3041 859 3098 una,
898 3024 944 3084 uti
976 3023 1142 3102 scriptores
1170 3023 1292 3086 metriei

180 3126 300 3200 dieunt,
323 3144 408 3186 mora
431 3126 614 3206 oorripiatur
633 3126 723 3203 (ratio
746 3127 821 3187 haee
843 3130 906 3188 est:
930 3162 971 3171 -
993 3151 1035 3178 =
1057 3145 1099 3174 νυ
1124 3145 1166 3174 νυ
1188 3127 1291 3190 minus

181 3255 203 3286 υ
225 3230 261 3291 fit
283 3252 300 3290 v
322 3265 365 3274 —
388 3231 424 3291 of.
447 3230 536 3291 Iliad.
565 3252 594 3306 o,
626 3234 664 3292 57
692 3267 732 3275 -
757 3233 806 3291 θεῖ
827 3231 923 3309 igitur
945 3230 1032 3291 elisio
1056 3231 1205 3311 quaedam
1227 3251 1292 3294 non

178 3333 310 3408 roralis,
348 3332 403 3393 sed
442 3352 546 3394 morae
582 3368 625 3377 -
657 3353 693 3395 ao
732 3335 846 3414 duplex
882 3334 969 3394 elisio
1000 3353 1154 3415 nunquam
1182 3334 1226 3410 fit,
1252 3337 1292 3398 of.

183 3432 272 3498 Iliadj
294 3458 323 3513 o,
348 3443 366 3499 2
382 3429 467 3516 ἄλγε’
481 3430 621 3521 ἔθηκεν).
650 3438 681 3515 2)
699 3438 816 3499 Deinde
830 3441 901 3520 post
916 3440 1016 3498 certas
1033 3439 1181 3519 quasdam
1197 3439 1294 3520 sylla-

182 3541 239 3602 bas
262 3543 437 3623 produotas,
461 3561 539 3624 quae
562 3547 625 3603 tam
640 3543 733 3622 longe
748 3544 993 3624 pronuntiantur,
1016 3548 1051 3604 ut
1065 3544 1165 3605 dicere
1177 3544 1293 3624 possis,

181 3665 234 3706 eas
255 3645 302 3706 uti
324 3645 422 3706 tribus
439 3646 540 3707 moris.
571 3645 690 3716 Quodsi
708 3648 829 3709 tertiam
845 3666 969 3723 moram,
991 3650 1026 3708 ut
1038 3648 1141 3709 hiatus
1156 3648 1293 3727 tollatur,

182 3769 251 3810 esse
272 3749 415 3810 amissam
437 3753 537 3831 putas,
556 3754 676 3813 restant
689 3753 768 3812 duae
783 3771 885 3813 morae
903 3788 941 3795 -
958 3756 1063 3833 potest
1078 3752 1174 3831 igitur
1186 3752 1293 3816 hiatus

181 3852 306 3914 tolerari
321 3856 353 3914 et
368 3855 487 3934 syllaba
502 3875 571 3916 esse
586 3856 744 3937 producta.
773 3855 955 3917 Huiusmodi
971 3858 1108 3938 syllabae
1123 3857 1294 3937 productae

184 3959 255 4020 sunt
277 3960 503 4040 monosyllaba,
527 3981 604 4043 quae
627 3963 756 4021 utuntur
778 3960 878 4022 vooali
899 3961 1055 4041 producta,
1074 3961 1172 4021 veluti
1195 3962 1295 4026 dativi

180 4063 298 4123 numeri
321 4063 486 4142 singularis
507 4065 660 4125 nominum
684 4065 943 4127 substantivorum
966 4064 1245 4146 adieetiuorumque
1261 4076 1297 4130 et

182 4168 392 4248 pronominum
415 4169 480 4252 in-py
494 4169 600 4251 vel-cp
616 4170 801 4247 desinentes,
826 4190 953 4231 neonon
967 4169 1191 4250 productiones,
1212 4191 1296 4252 quae

183 4293 224 4333 ex
246 4273 452 4334 contractione
473 4273 613 4334 binarum
635 4275 787 4336 voealinm
809 4277 881 4335 sunt
897 4277 981 4335 ortae
999 4275 1048 4351 (ef.
1063 4272 1150 4335 Iliad.
1166 4294 1195 4349 ot,
1212 4279 1295 4356 2033

185 4373 213 4452 d,
235 4379 315 4452 4123
334 4397 362 4455 χ,
384 4375 467 4454 199).
496 4376 528 4455 3)
550 4376 628 4449 Tum
650 4378 753 4440 hiatus
773 4378 847 4440 ferri
869 4379 971 4459 potest
992 4380 1063 4458 post
1082 4381 1183 4439 certas
1200 4398 1295 4460 quas-
