2828 4814
598 361 815 421 ..55ss

152 552 225 625 Qua
252 572 292 614 ex
316 553 486 632 posteriore
508 551 658 612 Herodoti
688 550 918 611 narratiuncula
944 551 1011 612 iure
1035 552 1141 611 nostro
1172 549 1259 612 nobis

153 676 273 719 sumere
303 676 484 737 possumus,
523 654 658 715 Teucros
684 655 716 714 in
742 653 899 733 Europam
926 654 1094 714 translatos
1123 657 1259 716 mutasse

151 781 261 822 nomen
283 761 315 820 in
336 759 505 834 Paeones¹,
536 761 568 819 at
588 761 721 838 partem,
750 775 828 838 quae
851 757 880 816 in
901 755 979 817 Asia
1001 761 1188 832 remaneret,
1212 757 1256 817 in-

151 865 232 944 signi
262 863 463 924 Troianorum
491 861 612 922 nomine
639 864 777 922 notatam
804 861 915 921 deinde
940 879 1071 939 regnum
1098 861 1258 922 celeberri-

151 988 235 1028 mum
255 970 287 1028 et
311 966 571 1046 spectatissimum
592 964 774 1026 condidisse.
805 965 895 1036 Quae
914 970 1021 1026 nostra
1042 965 1142 1045 opinio
1165 967 1260 1026 1111111

152 1071 354 1132 confirmatur·
365 1071 540 1132 narratione
555 1066 792 1150 Lycophronisl,
814 1069 866 1150 qui
881 1070 990 1145 tradit,
1007 1067 1096 1144 111111,
1114 1068 1257 1129 Troiano-

151 1196 219 1237 rum
233 1194 347 1253 regem,
370 1173 530 1235 Thraciam
552 1179 584 1233 11
606 1171 816 1232 Macedoniam
839 1172 896 1233 sibi
919 1173 1094 1234 subiecisse.
1137 1173 1259 1244 Quibus

151 1280 255 1340 verbis
297 1278 341 1339 nil
381 1279 466 1339 aliud
505 1277 566 1337 nisi
603 1276 688 1336 illam
718 1276 939 1356 antiquissimis
976 1277 1037 1337 iam
1070 1276 1258 1356 temporibus

151 1384 308 1462 peractam
343 1380 531 1442 Teucrorum
567 1379 599 1440 in
632 1378 787 1459 Europam
820 1380 1102 1458 commigrationem
1140 1380 1256 1458 signifi-

151 1489 250 1546 catam
270 1505 340 1545 esse
363 1487 447 1563 puto,
469 1501 541 1543 nam
561 1483 637 1544 nihil
660 1483 777 1557 obstat,
809 1483 881 1563 quin
903 1482 951 1542 Ilo
981 1503 1056 1562 rege
1079 1482 1203 1544 Troiani
1226 1484 1257 1544 in

152 1589 309 1668 Europam
330 1567 634 1666 transmigrarerint,
658 1587 800 1667 quoniam
815 1583 962 1648 Gisekius
985 1588 1016 1645 et
1036 1605 1093 1646 nos
1115 1587 1257 1662 vidimus,

58 1774 60 1778 .
151 1691 285 1754 Teucros
316 1695 348 1752 et
378 1691 527 1752 Troianos
560 1711 629 1752 esse
658 1693 764 1771 partes
794 1691 933 1751 eiusdem
960 1690 1073 1770 populi.
1118 1691 1189 1762 Qua
1218 1711 1260 1751 ex

152 1801 218 1859 tota
241 1797 445 1877 explicatione
468 1797 500 1856 id
522 1815 618 1856 unum
638 1814 694 1874 pro
718 1798 800 1855 certo
823 1795 929 1855 haberi
951 1795 1035 1869 volo,
1058 1795 1192 1856 Teucros
1207 1795 1258 1856 111

151 1901 300 1963 Troianos
324 1901 449 1960 easdem
471 1918 508 1959 ac
522 1898 678 1978 Phryges,
701 1897 894 1977 Mygdones,
914 1896 1041 1978 Mysos,
1064 1900 1141 1959 alios
1162 1897 1258 1959 Asiae

150 2004 276 2063 minoris
302 2002 433 2080 populos
460 2000 659 2079 migrationes
692 2001 804 2060 fecisse
838 2019 886 2075 ac,
920 2001 1160 2081 quotiescunque
1192 2003 1258 2063 loco

152 2107 226 2166 moti
251 2108 338 2179 sunt,
368 2093 421 2165 ab*
437 2104 553 2165 oriente
590 2104 630 2164 ad
661 2104 849 2165 occidentem
873 2105 1100 2184 commigrasse.
1150 2103 1260 2187 Neque

151 2210 183 2270 in
210 2210 268 2270 hac
296 2209 514 2288 disputationis
541 2211 630 2288 parte
662 2227 788 2288 possum
818 2208 933 2284 facere,
963 2210 1035 2290 quin
1064 2210 1129 2270 toto
1159 2210 1258 2270 animo

151 2314 304 2376 assentiar
327 2311 468 2388 Gisekio,
503 2311 571 2394 qui³
600 2313 656 2375 hos
679 2314 809 2394 populos
839 2314 920 2375 inter
942 2311 1034 2375 Arios
1062 2317 1094 2374 et
1117 2312 1258 2390 Semitas,

150 2438 226 2500 quos
247 2422 374 2492 vocant,
405 2417 521 2478 medias
542 2422 697 2499 tamquam
718 2424 823 2497 partes
845 2437 939 2497 agere
959 2419 1197 2493 demonstravit,
1227 2419 1260 2479 id

149 2523 231 2603 quod
258 2521 294 2582 E.
319 2520 461 2585 Curtius4
493 2537 613 2602 quoque
642 2522 806 2582 contendit.
851 2521 972 2592 Quibus
1006 2522 1098 2581 rebus
1126 2522 1259 2599 cognitis

149 2627 264 2700 restat,
290 2627 326 2685 ut
348 2625 569 2700 demonstrem,
601 2624 741 2685 Troianis
764 2624 825 2684 iam
849 2625 920 2685 inde
949 2625 1096 2704 apriscis
1116 2625 1259 2704 tempori-

149 2730 208 2791 bus
232 2749 301 2790 cum
322 2728 498 2809 Phrygibus
520 2729 733 2813 commercium
755 2733 846 2810 atque
868 2749 959 2790 usum
980 2730 1084 2790 fuisse.
1128 2727 1175 2789 De
1200 2748 1260 2811 qua

151 2853 185 2894 11
213 2832 341 2893 uberius
380 2833 519 2912 disputat
538 2831 704 2907 Haasius⁵,
738 2833 790 2913 qui
819 2833 962 2908 adnotat,
994 2832 1032 2892 ab
1054 2831 1260 2912 11110110111116

151 2935 321 3016 Phrygiam
339 2939 371 2997 et
394 2934 545 2996 Troadem
575 2937 656 2997 inter
687 2955 721 2996 11
744 2936 888 2996 confusas
923 2956 993 2996 esse
1025 2938 1056 2997 et
1085 2936 1154 2996 illos
1183 2936 1260 2998 dnos
1364 2999 1372 3008 .

150 3040 279 3120 populos
311 3041 394 3120 apud
415 3039 583 3099 Homerum
611 3039 709 3099 socios
737 3058 807 3101 esse
838 3040 991 3102 artissime
1020 3041 1101 3101 inter
1127 3060 1161 3101 se
1189 3060 1259 3101 con-

90 3148 99 3158 “
149 3143 306 3220 1111111111,
328 3146 360 3204 11
383 3161 401 3203 1
421 3143 522 3222 poetis
538 3143 665 3221 tragicis
680 3144 801 3204 nomine
817 3144 1016 3205 Troianorum
1034 3146 1086 3205 111
1099 3145 1260 3224 Phrygum

149 3246 243 3308 unum
281 3248 473 3328 eundemque
509 3247 657 3326 populum
693 3247 789 3309 fuisse
831 3247 1004 3322 notatum⁸,
1048 3267 1085 3309 ac
1127 3249 1259 3328 denique

148 3350 304 3411 Priamum
327 3353 364 3413 ab
387 3350 535 3431 Euripide
566 3370 672 3429 regem
701 3352 857 3432 Phrygiae
885 3373 955 3413 esse
984 3349 1125 3412 dictum9.
1168 3350 1258 3412 Adde

149 3454 231 3536 quod
252 3454 396 3531 Hecuba,
420 3456 534 3517 Priami
563 3474 651 3532 uxor,
674 3477 692 3517 1
712 3456 850 3537 Phrygia
872 3461 941 3517 orta
963 3459 1013 3517 est
1036 3491 1071 3500 -—
1097 3474 1169 3516 uam
1191 3461 1258 3518 erat

220 3625 246 3694 1)
265 3621 356 3678 Gisek.
374 3624 393 3678 l.
411 3623 431 3676 l.
448 3639 494 3692 pg.
514 3624 603 3678 2-3.

219 3711 248 3780 2)
268 3728 294 3765 1.
312 3712 381 3766 1341
401 3727 422 3764 c.
441 3709 523 3764 schol.

220 3798 246 3864 3)
265 3797 284 3850 l.
304 3798 323 3850 1.
342 3799 365 3865 ξ.
385 3797 419 3850 23
436 3812 482 3865 pg.
501 3798 545 3851 90.

219 3884 247 3953 4)
265 3883 371 3939 Gricch.
392 3882 487 3938 Gesch.
506 3883 521 3936 I
538 3900 584 3954 pg.
604 3883 637 3938 29
658 3898 717 3952 sqq.

220 3970 248 4039 5)
266 3971 284 4024 1.
300 3970 318 4022 l.
336 3987 382 4040 pg.
401 3970 453 4024 225
472 3986 530 4039 sqq.

219 4055 423 4127 ffiffimh

218 4144 247 4213 7)
262 4142 334 4198 Iliad
352 4150 381 4209 β,
400 4144 464 4207 8623
483 4161 512 4204 rr,
533 4142 596 4204 719;
615 4164 645 4207 ω,
665 4144 732 4212 5153
752 4141 849 4212 011111.
868 4162 895 4210 γ,
914 4141 981 4204 401;
1000 4157 1026 4206 o,
1045 4144 1105 4197 291.

217 4230 246 4299 8)
263 4229 423 4284 Eustathius
442 4228 477 4283 ad
489 4229 568 4282 Hom.
586 4228 665 4282 Iliad.
685 4235 711 4296 β,
730 4230 795 4291 863;
814 4227 910 4283 Strabo
929 4227 997 4282 XIII
1015 4244 1060 4298 pg.
1081 4228 1147 4293 5733
1167 4224 1256 4280 Schol.

150 4315 185 4370 ad
201 4316 293 4385 Eurip.
312 4315 414 4370 Hecub.
432 4331 458 4367 1.
477 4319 502 4369 4.

220 4403 247 4471 9)
265 4401 387 4471 Euripid.
406 4402 471 4455 Hac.
492 4416 517 4455 v.
536 4400 589 4458 335
609 4399 661 4468 (ed.
678 4399 785 4468 Bothe).
