2828 4814
561 343 798 415 1-25-

153 535 224 593 238.
248 534 319 591 246.
344 529 414 591 265.
438 531 509 589 270.
533 533 605 590 273.
630 533 691 591 276
715 530 759 608 (15
773 548 901 592 5555515
913 528 1182 610 semiseptenaria),
1206 532 1254 589 20.

153 636 202 696 25.
233 637 303 697 152.
334 636 405 696 258.
433 633 476 711 (in
503 633 569 692 sola
599 634 680 711 arsi).
723 633 840 694 Eadem
867 633 1026 714 productio
1056 633 1092 694 fit
1113 633 1144 693 in
1167 632 1256 706 thesi,

151 740 283 820 exempli
313 739 413 819 gratia
436 756 633 799 commemoro
654 739 759 819 hymni
781 759 831 800 11.
856 743 927 800 188.
951 742 1021 799 202.
1045 742 1106 798 222
1131 755 1166 797 55
1187 756 1255 796 5511-

149 847 237 905 centa
255 843 316 904 alia
337 841 478 922 exempla
500 841 532 901 in
553 844 696 923 promptu
716 843 823 904 habeo.
845 877 888 888 -
916 843 1019 904 Pauca
1040 841 1111 902 dein
1133 840 1258 902 afferam

149 948 187 1008 de
213 969 243 1008 1.
265 951 337 1022 231,
359 945 411 1006 ubi
437 945 605 1025 particulae
635 940 681 1006 511
710 948 845 1007 secunda
874 947 994 1028 syllaba
1023 945 1257 1025 estprcducta.

148 1051 277 1112 Reiecta
305 1053 408 1112 autem
439 1051 477 1110 de
499 1051 612 1130 duplici
634 1051 719 1112 vocis
741 1044 879 1133 μέγαρον
900 1051 1025 1132 5511555
1047 1067 1181 1111 5555555
1201 1048 1256 1109 151-

149 1156 216 1217 11511
240 1155 380 1235 55151555
403 1157 466 1236 (pg.
483 1154 523 1217 23
541 1155 596 1236 sq.)
619 1174 782 1234 possumus
806 1154 1257 1235 551551515115151551155551

150 1259 225 1320 55115
248 1260 409 1340 explicare.
452 1256 638 1320 Adiumento
661 1260 1058 1340 55151551515511551555
1081 1261 1192 1319 551515
1211 1259 1259 1331 ,c‘

147 1352 286 1441 litterae,
312 1385 388 1446 5555
416 1364 580 1444 5551555111
605 1363 637 1424 15
656 1363 829 1425 huiusmodi
856 1363 1015 1444 particulis
1045 1361 1256 1424 5115151115

149 1468 315 1548 singularis
346 1467 465 1528 numeri
493 1467 625 1549 antiquis
654 1467 841 1548 temporibus
864 1467 1016 1547 qnondam
1037 1467 1131 1546 longa
1150 1467 1259 1545 postea

150 1580 292 1652 correpta
314 1572 380 1647 fuit,
403 1571 484 1652 apud
498 1570 665 1633 Homerum
686 1572 841 1633 interdum
855 1572 950 1652 longa
965 1573 1015 1631 551
1029 1569 1174 1651 putanda,
1198 1587 1258 1649 qua

150 1676 272 1757 quidem
302 1675 501 1756 productione
534 1676 566 1737 15
589 1677 770 1758 explicando
793 1676 878 1738 hiatu
900 1677 980 1737 infra
1001 1679 1129 1736 utemur.
1173 1672 1258 1734 Haec

150 1780 277 1862 antiqua
295 1781 452 1860 productio
475 1781 536 1841 iam
559 1780 640 1861 apud
662 1779 829 1841 Homerum
850 1780 898 1858 (cf.
918 1778 1007 1841 Iliad.
1022 1781 1057 1856 8,
1080 1778 1154 1856 117)
1168 1777 1258 1839 mori-

148 1885 250 1945 bunda
278 1887 382 1945 nostro
405 1885 471 1946 1555
495 1887 620 1945 5511515
641 1904 711 1945 5555
734 1885 808 1945 151111
828 1884 959 1945 videtur.
1005 1881 1084 1944 Sunt
1106 1882 1187 1944 enim
1205 1882 1259 1943 illa

148 1989 295 2052 adverbia
324 1989 355 2048 15
381 1991 427 2062 ‚r‘
448 1987 585 2048 litteram
606 1987 778 2048 desinentia
800 2008 856 2049 nec
878 2007 938 2047 non
960 1987 1050 2048 11111111
1071 1984 1258 2049 Graecorum

151 2093 250 2154 dativi
267 2111 322 2172 pro
338 2091 489 2166 locativis,
513 2111 589 2172 quos
603 2096 717 2153 155551
732 2091 922 2172 grammatici
937 2094 1101 2167 nostrates,
1119 2091 1260 2170 stirpium

150 2195 182 2255 in
211 2198 263 2271 ,o‘
292 2194 523 2255 terminatarum
550 2195 697 2256 habenda.
749 2180 867 2257 Deinde
894 2196 1074 2278 saepissime
1099 2195 1257 2277 productio

129 2298 286 2360 'brevium
317 2299 505 2380 syllabarum
536 2297 672 2360 finalium
702 2300 885 2383 explicanda
908 2304 957 2362 est
980 2300 1124 2376 interitu,
1155 2303 1190 2360 ut
1213 2299 1257 2360 ita

147 2404 261 2480 dicam,
288 2403 411 2464 litterae
440 2403 566 2465 initialis
594 2404 679 2465 vocis
708 2405 931 2486 subsequentis.
977 2404 1072 2469 Cuius
1094 2404 1139 2464 151
1160 2403 1258 2464 155115

148 2508 307 2587 congessit
329 2509 472 2589 exempla
495 2508 576 2589 apud
597 2507 765 2570 Homerum
784 2508 985 2569 Hoffmannus
1009 2508 1040 2586 (1.
1057 2508 1077 2567 l.
1099 2506 1181 2587 ng.
1194 2510 1256 2568 133

150 2612 237 2693 sqq.).
282 2611 325 2673 At
356 2613 413 2673 hoc
434 2613 501 2674 loco
520 2631 583 2673 non
604 2633 738 2693 5555515,
762 2613 835 2695 quin
855 2614 961 2687 fatear,
983 2611 1144 2686 nonnulla,
1180 2629 1258 2692 quae

148 2716 197 2778 111
226 2715 279 2776 1115
310 2717 505 2778 doctissimus
528 2717 682 2793 attulerit,
713 2717 786 2779 mihi
806 2720 934 2799 probata
956 2737 1017 2778 non
1039 2736 1121 2792 5555,
1145 2715 1257 2798 551555

150 2840 246 2901 quum
268 2820 320 2882 ille
341 2822 378 2881 ob
401 2821 525 2883 nimium
547 2822 619 2883 novi
640 2822 848 2902 investigandi
862 2822 997 2883 studium
1010 2821 1100 2901 plura
1114 2820 1255 2900 sagacius

153 2943 244 3003 quam
255 2925 360 2986 verius
374 2926 494 2987 dixerit.
516 2926 651 2987 Plurima
664 2929 767 2987 5515111
777 2929 860 2987 15515
872 2945 941 2988 5555
952 2927 1065 2987 habere
1076 2942 1257 3006 persuasum

149 3027 254 3087 habeo.
298 3028 336 3088 In
366 3029 477 3110 hymno
507 3032 612 3090 nostro
642 3029 732 3090 huius
755 3029 962 3111 productionis
986 3034 1117 3111 quatuor
1139 3030 1256 3090 tantum

148 3131 291 3213 exempla
304 3132 407 3193 inveni
421 3134 489 3194 5115
500 3134 652 3195 exstincto
664 3135 826 3213 digammo,
841 3155 950 3215 nempe
962 3140 1032 3196 ante
1047 3125 1079 3195 51
1098 3136 1151 3213 (ex
1163 3132 1256 3210 cFot)

148 3237 236 3314 ‚sibi‘
264 3237 315 3297 vel
342 3237 437 3317 ,ipsi‘
463 3237 495 3299 in
524 3258 574 3298 11.
598 3242 616 3299 9
648 3244 680 3300 51
709 3243 770 3301 162
779 3261 801 3316 ,·
819 3244 890 3301 5515
920 3232 1046 3323 ἐσθῆτα
1076 3239 1108 3298 15
1130 3258 1159 3298 1.
1184 3240 1255 3312 139,

148 3327 221 3402 ante
241 3333 323 3403 ἔπεα
345 3341 377 3402 15
395 3364 424 3403 v.
451 3347 513 3405 184
537 3379 578 3388 -
600 3362 675 3424 5555
698 3346 763 3405 1155
787 3344 899 3425 stirpes
921 3362 995 3404 5555
1018 3362 1088 3404 5555
1104 3343 1255 3423 digammo

148 3445 229 3506 infra
256 3447 445 3525 probaturus
467 3469 533 3509 sum
556 3449 588 3509 in
611 3448 819 3530 disputatione
841 3450 880 3509 de
901 3448 1062 3527 digammo.
1107 3446 1256 3507 Videmus

148 3549 259 3629 igitur,
288 3553 475 3631 quantopere
498 3552 586 3613 annis
608 3552 777 3614 interiectis
800 3554 832 3614 et
853 3553 940 3633 poesi
961 3549 1148 3614 Graecorum
1170 3551 1257 3631 epioe

149 3653 210 3714 iam
232 3662 412 3716 senescente
434 3655 488 3716 illa
508 3654 634 3718 Aeolica
655 3657 767 3732 littera,
789 3675 880 3738 quam
902 3656 1015 3732 dicunt,
1038 3656 1089 3717 vel
1104 3655 1256 3717 interdum

150 3775 282 3818 consona
303 3759 387 3839 prior
393 3806 402 3835 ,
434 3758 461 3820 si
481 3780 543 3822 vox
566 3780 584 3822 a
605 3761 684 3822 binis
706 3762 847 3822 consonis
867 3760 1043 3843 incipiebat,
1072 3777 1255 3821 evanescere

150 3862 291 3942 coeperit.
335 3863 377 3924 Et
406 3864 463 3925 hac
488 3883 522 3925 15
553 3869 587 3925 51
614 3885 718 3927 515555
746 3867 853 3947 hymni
873 3867 918 3927 ita
940 3869 1045 3926 noster
1066 3864 1192 3946 propius
1215 3863 1255 3924 ad

148 3965 279 4027 Hesiodi
300 3985 399 4044 genus
423 3967 543 4029 dicendi
565 3971 722 4045 accedunt,
745 3971 797 4030 151
811 3971 937 4050 linguae
952 3966 1138 4031 Graecorum
1154 3969 1256 4029 odium

149 4073 181 4131 et
206 4071 364 4133 fastidium
386 4073 558 4134 litterarum
580 4073 762 4154 spirantium
784 4073 815 4133 in
834 4073 955 4154 hymnis
978 4073 1137 4134 homericis
1159 4091 1254 4152 aeque

151 4176 242 4255 atque
271 4175 303 4236 in
326 4177 510 4238 carminibus
532 4177 684 4239 hesiodeis
704 4177 799 4238 multo
822 4177 921 4239 maius
944 4198 1013 4239 esse
1035 4197 1125 4260 quam
1141 4177 1172 4237 in
1188 4194 1252 4236 car-

150 4277 280 4340 minibus
300 4280 462 4343 homericis
478 4282 580 4363 potius
603 4281 741 4344 dixerim.
769 4280 859 4344 Unde
878 4281 986 4358 elucet,
1009 4283 1137 4362 hymnos
1150 4298 1254 4341 omnes

148 4380 317 4445 homericos
345 4388 450 4448 nostro
478 4379 706 4472 ὃμηρικωτάτῳ
724 4405 786 4449 555
804 4387 933 4466 excepto
958 4388 1061 4448 aetate
1084 4383 1254 4464 5551511515
