2828 4814
243 896 290 956 De
305 894 432 954 Homem'
454 894 637 981 carminibus
661 891 813 973 quaestio,
838 907 916 970 quae
938 887 1065 962 dieitur,
1089 887 1172 948 aFr.
1187 889 1269 972 Aug.

156 1000 287 1076 Wolfio,
311 999 537 1079 philologorum
561 998 676 1075 saeculi
697 996 795 1057 nostri
817 1014 890 1055 sane
913 993 1066 1073 principe,
1089 994 1221 1073 primum
1238 997 1270 1056 in

160 1105 388 1184 prolegomenis
421 1104 483 1164 illis
513 1103 638 1184 inclytis
669 1101 827 1180 proposita
856 1099 926 1158 inde
955 1099 992 1157 ab
1022 1099 1179 1177 octoginta
1206 1100 1270 1159 fere

158 1210 246 1269 annis
270 1209 450 1289 saepissime
479 1227 515 1268 ac
538 1225 656 1267 summa
684 1226 753 1266 cum
775 1204 936 1283 diligentia
960 1203 1169 1284 singularique
1193 1205 1269 1264 assi-

158 1312 316 1372 duitatea
346 1314 422 1373 viris
454 1311 552 1371 doctis
582 1312 631 1371 est
661 1311 803 1369 tractata.
849 1308 919 1378 aua
943 1317 1035 1387 opera
1058 1305 1184 1367 Homeri
1204 1326 1269 1368 car-

157 1415 289 1478 minibus
314 1415 491 1495 largissime
514 1418 546 1474 et
569 1415 682 1494 optime
704 1414 818 1474 navata
839 1413 1039 1486 factumest,
1064 1415 1098 1470 ut
1121 1411 1175 1471 illa
1197 1431 1269 1490 poe-

158 1541 227 1581 seos
274 1522 379 1600 epioae
430 1519 577 1594 frustula,
620 1519 726 1599 hymni
770 1515 928 1590 homerici,
974 1516 1026 1596 qui
1078 1516 1272 1596 antiquorum

157 1624 313 1684 hominum
332 1623 397 1701 jam
417 1626 553 1701 tempore
578 1624 634 1682 sub
650 1621 776 1682 Homeri
801 1621 920 1681 nomine
943 1619 1059 1698 insigni
1078 1619 1269 1699 ineptissime

157 1727 462 1802 circumferebantur,
507 1747 524 1787 e
554 1727 720 1788 carminum
756 1725 978 1786 homerioorum
1004 1724 1171 1798 consortio,
1210 1743 1268 1805 quo

156 1851 255 1912 pauca
277 1832 372 1912 digna
395 1834 481 1907 sunt,
510 1832 649 1892 seiuncta
673 1851 708 1892 ac
732 1834 899 1911 segregata
923 1830 992 1890 sint.
1034 1828 1078 1889 At
1098 1829 1201 1889 nullus
1224 1829 1286 1888 inv

156 1937 327 2015 terpretum
349 1935 475 1996 Homeri
498 1929 655 1997 doctorum
678 1935 957 1996 Alexandrinorum
985 1933 1115 2014 hymnos
1146 1933 1269 2012 ingenio

158 2038 285 2100 Homeri
307 2041 430 2101 ridetur
452 2040 611 2118 tribuisse,
645 2060 763 2122 „quum
785 2058 937 2121 nusquam
963 2039 994 2098 in
1015 2040 1061 2098 tot
1086 2037 1209 2098 scholiis
1231 2037 1270 2096 ad

156 2143 285 2205 Iliadem
306 2148 338 2206 et
361 2145 534 2226 Odysseam
557 2146 729 2208 auctoritas
748 2146 931 2226 hymnorum
954 2141 1127 2218 afferretur,
1161 2160 1265 2224 quam·
1332 2173 1334 2175 ·

157 2268 248 2330 quam
272 2251 338 2310 eius
361 2251 406 2332 rei
428 2252 572 2333 frequens
596 2251 714 2312 occasio
737 2250 875 2310 fuisset.“
919 2249 955 2308 cf.
979 2247 1069 2310 Wolf
1087 2247 1207 2327 Proleg.
1231 2248 1270 2307 ad

156 2353 244 2415 Hom.
260 2375 306 2435 cp.
325 2354 359 2430 L,
376 2376 427 2435 pg.
445 2359 516 2431 266,
530 2360 591 2416 not.
603 2357 658 2429 51;
682 2356 718 2416 cf.
735 2353 876 2436 Schwalb
893 2354 931 2414 de
943 2353 1066 2435 hymnis
1082 2349 1270 2414 Graecorum

155 2458 265 2537 epicis,
306 2479 459 2540 program.
491 2461 575 2524 Cler.
607 2479 633 2521 a.
667 2461 765 2536 1852,
799 2478 850 2538 pg.
876 2462 933 2534 143
969 2456 1006 2517 A.
1030 2454 1201 2519 Guttmann
1230 2456 1269 2515 de

154 2561 336 2640 hymnorum
367 2565 510 2626 bomeric.
549 2565 620 2624 hist.
651 2564 745 2624 critic.
768 2565 860 2642 partt.
883 2561 939 2637 IV,
968 2581 1020 2641 pg.
1044 2566 1059 2621 1
1088 2581 1152 2642 sqq.
1199 2560 1269 2630 Qua

155 2665 304 2726 societate
334 2688 402 2728 cum
428 2668 562 2730 Homero
593 2668 699 2750 hymni
725 2668 881 2744 homerici,
913 2685 989 2748 quos
1020 2668 1145 2741 vorant,
1183 2665 1268 2725 nullo

153 2771 240 2830 modo
265 2774 328 2832 tam
352 2773 405 2833 diu
428 2776 534 2834 essent
564 2772 663 2848 fruiti,
693 2772 754 2833 nisi
774 2773 805 2832 in
825 2774 933 2832 umbra
955 2771 1044 2852 quasi
1066 2770 1268 2850 praestantis-

153 2875 295 2935 simorum
324 2878 490 2938 carminum
523 2877 674 2939 oblivione
704 2876 804 2938 obruti
835 2877 888 2936 diu
917 2895 973 2957 pro
1004 2877 1118 2956 exigua
1147 2875 1269 2934 illorum

154 2980 322 3056 appendice
345 2985 451 3041 essent
475 2983 578 3043 habiti.
623 2981 746 3043 Etenim
768 2982 875 3062 hymni
890 2999 1073 3063 quamquam
1087 2981 1119 3041 in
1134 2978 1267 3041 editione

153 3078 279 3140 Homeri
301 3081 455 3162 principe,
487 3104 565 3165 quae
587 3106 659 3147 cura
681 3085 830 3146 Demetrii
854 3073 1081 3166 Chaleondylae
1104 3081 1143 3168 (a.
1170 3080 1267 3167 1488)

152 3185 281 3263 prodiit,
318 3185 444 3248 Homeri
464 3189 565 3250 textui
592 3191 652 3251 iam
675 3190 828 3251 subiuncti
855 3193 940 3266 sunt,
969 3194 1071 3251 tamen
1093 3209 1149 3269 per
1171 3173 1267 3248 annos

152 3289 217 3348 fere
255 3293 377 3352 centum
415 3296 446 3354 et
479 3293 590 3373 viginti
628 3295 746 3355 nullum
783 3295 968 3355 invenerunt
1009 3295 1172 3369 editorem,
1215 3294 1266 3374 qui

152 3412 246 3454 manu
269 3396 472 3458 emendatrice
495 3398 632 3459 adhibita
655 3399 768 3459 multas
789 3418 894 3459 eorum
917 3399 1003 3461 labes
1033 3398 1201 3477 corrigeret
1225 3432 1265 3439 —

151 3516 222 3558 nam
252 3499 403 3560 editiones
433 3499 565 3561 Aldinae
601 3499 782 3563 Gifanianae
802 3501 999 3563 Basileenses
1030 3502 1266 3564 Franoofurten-

152 3621 202 3662 ses
231 3622 288 3663 nee
326 3622 387 3663 non
416 3604 542 3666 Henrioi
571 3603 720 3686 Stephani
747 3601 787 3690 (a.
812 3608 895 3667 1566
920 3609 951 3667 et
975 3604 1073 3690 1588)
1094 3609 1166 3667 sunt
1196 3626 1265 3686 pro-

151 3710 284 3785 pagatae
308 3728 348 3768 ex
371 3708 542 3789 exemplari
558 3709 801 3791 Chalcondylae‚
825 3731 915 3792 quem
936 3731 996 3772 uno
1019 3711 1123 3772 codice
1138 3711 1265 3772 Floren-

149 3811 213 3869 tino
243 3830 334 3872 usum
364 3832 435 3873 esse
464 3817 593 3875 constat.
654 3814 776 3894 Viginti
802 3817 866 3876 fere
896 3815 984 3877 annis
1015 3819 1086 3895 post
1117 3813 1266 3896 Stephani

150 3914 313 3976 editionem
343 3918 470 3978 alteram
497 3917 674 3980 Bernardus
705 3919 859 3982 Martinus
890 3916 931 4003 (a.
971 3917 1070 4004 1605)
1103 3921 1264 3980 nonnullos

150 4017 231 4079 locos
270 4026 430 4102 corruptos
467 4023 658 4099 emendarit,
695 4043 785 4104 quem
822 4026 920 4105 spatio
954 4025 1069 4085 saeculi
1107 4025 1264 4085 interiecto

149 4131 337 4203 exceperunt
375 4125 468 4187 Iosua
504 4126 672 4188 Bamesius
710 4132 742 4189 et
771 4127 925 4190 Iohannes
968 4128 1142 4189 Piersonus.
1187 4127 1265 4188 Tum

150 4228 274 4289 tandem
295 4230 417 4292 exstitit
436 4233 494 4308 vir,
517 4231 617 4293 David
638 4232 851 4311 Ruhnkenius‚
875 4234 926 4315 qui
949 4232 1080 4314 epistola
1101 4234 1205 4294 critica
1226 4232 1263 4293 ad

149 4328 387 4396 Valckenarium
411 4337 484 4397 data
508 4339 545 4417 (a.
566 4339 661 4416 1749)
681 4339 712 4399 et
735 4339 855 4400 collatis
871 4339 990 4400 duobus
1007 4339 1163 4399 codicibus
1178 4337 1260 4397 Pari-

192 4451 311 4505 rnmm,
331 4455 505 4506 prolegomena.
1077 4447 1106 4496 1
