2828 4814
592 364 894 451 -51-ο

149 554 254 633 magni
289 554 331 614 dii
364 553 502 616 habitare
535 553 730 631 putabantur.
774 550 821 612 De
848 551 897 613 his
932 551 990 613 diis
1014 552 1202 614 Loheckium
1231 551 1264 612 in

149 658 362 738 Aglaophamo
379 675 497 718 summa
512 676 581 717 cum
596 656 734 716 doctrina
755 656 872 717 dixisse
892 674 979 716 nemo
995 656 1125 735 ignorat.
1157 657 1263 726 Quare

149 763 181 823 id
196 763 278 844 quod
291 763 340 822 vir
361 761 413 821 ille
436 760 631 821 doctissimus
655 760 757 821 docuit
777 761 917 842 quodque
940 780 1020 821 nunc
1039 780 1165 840 perora
1185 764 1264 821 tam·

151 885 243 948 qnam
264 866 402 927 virorum
438 865 597 924 doctorum
625 867 803 942 grassatur,
840 865 928 945 quasi
966 865 1173 925 fundamentis
1209 863 1264 924 fir·

150 970 296 1032 missimis
316 970 472 1031 conditum
492 971 524 1028 et
546 969 736 1046 argumentis
761 970 836 1030 setis
855 970 1003 1048 grambus
1019 971 1265 1030 demonstratum

100 1072 104 1077 ’
152 1077 257 1135 nostro
285 1075 351 1134 iure
381 1072 468 1134 uobis
500 1090 664 1132 sumamus.
708 1070 815 1132 Missis
843 1073 939 1152 igitur
968 1072 1200 1153 quaestionibus
1223 1073 1262 1131 de

152 1179 210 1240 diis
226 1177 443 1239 Samothracae
460 1176 685 1237 solemnissime
708 1176 798 1236 cultis
819 1177 852 1236 id
873 1197 969 1237 unum
990 1197 1063 1238 cum
1077 1175 1263 1236 Klauseniol

152 1285 183 1343 et
197 1279 347 1361 Engelio8
368 1301 423 1361 pro
447 1282 532 1342 certo
549 1278 780 1356 affirmaverim,
805 1280 889 1340 inter
904 1284 1007 1341 cetera
1031 1279 1264 1341 Samothracum

153 1388 276 1447 numina
322 1405 471 1448 summam
507 1385 631 1445 illorum
667 1387 756 1446 deam
793 1405 863 1446 cum
895 1389 992 1446 matre
1029 1385 1124 1446 idaea
1169 1385 1264 1464 (apud

154 1489 303 1551 Troianos
337 1489 431 1567 culta)
467 1489 519 1549 vel
552 1508 619 1549 cum
649 1489 843 1570 Dindymene
871 1491 969 1550 matre
999 1490 1093 1569 (apud
1122 1488 1265 1569 Phryges

154 1595 247 1672 culta)
278 1613 348 1654 esse
380 1594 552 1670 confusam,
583 1594 696 1675 quippe
724 1613 818 1675 quum
846 1611 960 1672 magua
990 1593 1153 1654 similitudo
1183 1593 1268 1653 inter

153 1699 209 1759 has
249 1699 325 1759 deas
363 1698 553 1759 intercedere
583 1699 734 1760 videatur.
799 1699 869 1769 Quo
903 1717 977 1758 vero
1017 1697 1139 1757 nomine
1177 1697 1268 1756 deam

154 1799 370 1864 Samothracae
392 1821 537 1881 magnam
559 1805 666 1863 notare
689 1803 784 1878 velis,
812 1800 1020 1863 Axiokersam
1049 1802 1100 1862 rel
1123 1803 1265 1862 Cererem

154 1909 204 1968 vel
227 1901 352 1990 μητέρα
374 1894 499 1988 ὀρείαν3
524 1905 576 1965 rel
598 1904 768 1965 Venerem4
785 1905 899 1985 ipsam,
919 1924 981 1965 non
1002 1907 1108 1983 magni
1131 1907 1180 1965 est
1201 1923 1264 1964 mo-

154 2012 263 2085 menti,
286 2009 429 2089 quoniam
449 2028 489 2068 ex
510 2025 578 2068 mea
601 2009 723 2089 quidem
746 2009 888 2089 opinione
916 2009 954 2068 de
978 2007 1190 2069 coniunctione
1212 2007 1265 2067 vel

157 2113 260 2192 potius
282 2113 456 2173 secessione
478 2113 587 2172 harum
617 2113 743 2172 dearum
770 2113 900 2192 perditis
922 2114 1064 2173 veterum
1083 2111 1267 2171 testimoniis

158 2217 250 2277 certis
273 2216 434 2296 explorate
456 2215 586 2277 iudicari
609 2217 723 2297 nequit.
755 2214 817 2277 Sed
840 2219 1027 2299 quambene
1049 2221 1173 2276 veteres
1194 2235 1266 2297 quo-

154 2341 213 2402 que
248 2320 414 2400 scriptores
444 2317 674 2381 Samothracam
710 2324 741 2381 et
768 2319 876 2382 Asiam
911 2321 1059 2381 minorem
1090 2320 1268 2382 coniunctas

156 2426 254 2486 fuisse
277 2426 506 2504 perspexerint,
528 2426 618 2486 testis
642 2431 690 2486 est
713 2424 889 2506 Stephanus
911 2424 1097 2506 Byzantius,
1129 2425 1180 2505 qui
1210 2425 1268 2484 sub

152 2549 229 2590 voce
242 2520 378 2612 Ἀρίσβῃ
397 2528 473 2590 haec
498 2529 608 2590 tradit:
635 2520 800 2612 Κεφάλων
822 2521 858 2591 δὲ
882 2544 993 2613 φησιν,
1026 2521 1076 2590 ὅτι
1098 2518 1269 2609 Δάρδανος

149 2622 220 2724 einh
249 2623 468 2716 Σαμοθρᾴκης
495 2627 603 2694 ἐλθὼν
632 2626 680 2706 εἷς
700 2630 767 2716 ,τὴν
792 2626 931 2717 Τρωάδα
960 2626 1017 2717 τὴν
1044 2621 1184 2714 Τεύκρου
1209 2630 1267 2692 τοῦ

152 2731 284 2822 Κρητὸς
307 2730 472 2820 θυγατέρα
494 2737 591 2818 γαμεῖ
602 2728 764 2822 Ἀρίσβην.
810 2735 1071 2822 Ε1Ρ6111611111665,ι
1087 2734 1267 2810 Diodorusss,

153 2841 362 2923 Lycophron⁷
407 2841 550 2916 tradunt,
593 2838 825 2903 Samothracam
853 2842 984 2921 pristino
1025 2847 1161 2919 tempore
1189 2839 1267 2900 Dar-

155 2947 276 3007 daniam
296 2965 367 3006 esse
388 2946 501 3006 dictam
521 2948 553 3005 61
573 2945 767 3021 Dardanum,
791 2945 936 3006 Electrae
958 2943 1070 3018 filium,
1093 2942 1264 3024 ePhrygia

156 3049 189 3109 in
226 3050 360 3110 insulam
385 3046 615 3109 Samothracam
648 3050 802 3126 migrasse
832 3048 935 3129 ibique
964 3066 1130 3126 regnasse,
1160 3050 1270 3127 postea

155 3154 278 3214 veroin
296 3153 447 3214 Troadem
461 3153 613 3231 migrasse
627 3152 748 3233 ibique8
770 3171 901 3231 regnum
922 3153 1052 3214 troicum
1070 3150 1269 3211 condidisset

155 3258 244 3329 Quae
267 3257 516 3318 narratiunculae
545 3256 621 3315 nihil
650 3256 735 3317 aliud
758 3255 935 3336 significant
957 3255 1018 3316 nisi
1039 3253 1268 3315 Samothracam

154 3381 223 3422 oum
245 3359 322 3421 Asia
343 3361 475 3437 minore,
506 3359 699 3439 potissimum
729 3381 798 3422 cum
821 3359 942 3420 Troade
966 3359 1143 3420 commercio
1172 3360 1269 3419 fuisse

152 3464 354 3525 coniunctam
400 3463 458 3524 His
489 3465 643 3526 concessis
672 3465 762 3526 facile
791 3464 914 3524 illorum
935 3462 1103 3540 religiones
1125 3463 1269 3523 confundi

158 3569 298 3648 potuisse
322 3571 458 3647 apparet.
892 3559 895 3564 ’

222 3739 246 3804 1)
265 3737 284 3789 l.
303 3736 323 3789 l.
343 3736 358 3789 1
375 3751 421 3803 pg.
441 3735 484 3789 30.

224 3821 250 3890 2)
270 3823 288 3876 l.
307 3823 326 3875 l.
345 3837 390 3891 pg.
412 3821 461 3876 197
480 3837 539 3890 sqq.
559 3823 588 3875 et
605 3823 657 3877 310
676 3837 735 3891 sqq.

222 3909 249 3977 3)
267 3908 382 3962 Lobeck.
399 3908 578 3978 Aglaopham.
596 3924 642 3977 pg.
661 3908 729 3963 1225
747 3924 806 3977 sqq.

222 3994 250 4064 4)
268 3994 375 4050 Plinius
392 3996 427 4048 H.
448 3994 482 4049 N.
502 3994 527 4047 V
546 3995 562 4062 ς
582 3996 615 4050 18
635 4026 667 4034 -
686 3994 719 4050 cf.
740 3993 857 4049 Lobeck.
876 3991 1009 4062 Aglaoph.
1027 4008 1074 4061 pg,
1093 3993 1170 4048 1227.

223 4083 250 4151 5)
269 4082 329 4148 VH,
346 4084 371 4147 4,
391 4084 415 4137 3.

224 4169 252 4238 6)
271 4169 304 4234 V,
322 4170 364 4224 48.
382 4168 425 4223 51.

227 4257 252 4325 7)
269 4273 293 4310 v.
312 4257 354 4310 13.

227 4343 254 4410 8)
272 4342 385 4397 Lobeck.
397 4341 530 4412 Aglaoph.
546 4340 663 4409 saepius,
684 4355 723 4392 ex.
741 4355 781 4407 gr.
803 4338 940 4407 pg.1220.
965 4335 1054 4390 Schol.
1068 4333 1157 4402 Apoll.
1169 4335 1192 4399 l,
1209 4336 1269 4391 913.

227 4429 255 4498 9)
279 4428 367 4483 Schol.
385 4427 421 4483 ad
438 4428 517 4485 Iliad.
538 4449 562 4492 r,
580 4429 646 4490 215;
664 4424 773 4480 Diodor.
793 4425 827 4488 V,
844 4425 887 4479 47.
987 4464 990 4469 -
