2828 4814
593 336 811 393 ..1ss-

148 522 180 582 in
205 520 293 583 Iliad.
323 522 446 602 rhapso.
476 541 492 582 c
525 526 681 602 computat
712 541 752 583 cx
780 522 922 584 versibus
955 525 1017 585 909
1048 544 1099 584 vv.
1120 527 1212 599 561,Ι
1231 525 1267 585 in

147 627 290 707 rhapsod.
313 623 331 686 λ
353 646 371 686 e
391 647 442 688 vv.
465 629 528 688 848
539 647 590 688 vv.
607 627 679 704 575,
701 627 733 687 in
744 624 907 707 Odysseae
918 627 1060 708 rhapsod.
1072 649 1093 688 α
1105 648 1184 688 cvr.
1196 632 1266 689 444

146 747 197 791 vv.
221 735 293 808 247,
324 733 376 812 qui
402 731 459 792 hac
488 749 616 792 caesura
643 734 780 791 utuntur.
824 730 863 792 In
883 731 996 812 hymno
1018 742 1124 794 nostro
1146 732 1267 794 habent

147 852 187 894 ex
208 856 259 897 vv.
283 841 345 898 293
367 856 418 898 vv.
440 839 502 898 165
521 836 600 896 hauc
616 853 783 912 caesuram,
806 836 844 896 de
861 854 921 917 qua
937 836 1067 917 agimus,
1082 837 1266 898 bucolicam.

147 942 208 1003 Est
234 942 330 1023 igitur
357 943 389 1002 in
411 940 524 1022 hymno
546 942 610 1001 fere
633 940 740 1001 eadem
761 941 839 1002 ratio
862 945 954 1022 atque
973 942 1005 1002 in
1027 942 1113 1003 libris
1135 940 1268 1002 Homeri

146 1045 290 1107 laudatis.
341 1044 388 1107 Ao
421 1064 581 1107 caesuram
616 1045 784 1106 bucolicam
819 1046 851 1106 in
880 1046 1041 1107 homericis
1076 1046 1267 1109 carminibus

146 1150 210 1210 late
232 1151 342 1229 vagari
371 1151 487 1230 primus
510 1148 536 1210 Ι.
559 1148 721 1210 Bekkerus
744 1149 880 1210 ostendit
902 1149 933 1209 in
951 1149 1033 1210 libro
1056 1150 1181 1230 saepius
1197 1149 1266 1210 lau-

147 1254 228 1315 dato.
284 1252 387 1335 Atque
421 1258 492 1315 ante
522 1273 590 1315 eam
619 1274 675 1335 pes
706 1257 835 1336 quartus
865 1254 1044 1334 saepissime
1072 1257 1197 1315 constat
1223 1275 1267 1316 ex

146 1358 285 1439 dactylo,
310 1376 380 1419 raro
411 1378 453 1419 ex
479 1359 614 1439 spondeo
645 1359 752 1419 -sic
774 1359 806 1419 in
828 1357 916 1418 lliad.
939 1358 1040 1438 rhaps.
1063 1378 1079 1419 ε
1102 1365 1175 1419 sunt
1198 1363 1266 1420 470

148 1462 264 1543 dacrya
293 1466 326 1522 a
349 1467 388 1524 cr
412 1447 548 1543 spondei,
566 1463 598 1523 a
621 1462 723 1542 rhaps.
745 1459 763 1522 a
785 1465 848 1524 ars
871 1462 1101 1543 dactylicos
1125 1463 1267 1541 spondei,

67 1563 68 1566 ’
147 1567 178 1626 in
199 1564 361 1648 Odysseae
383 1567 486 1647 rhaps.
509 1587 530 1627 α
553 1571 615 1628 213
638 1566 755 1647 dactyli
777 1569 814 1627 ct·
831 1567 873 1626 54
890 1567 1025 1646 spondei,
1049 1568 1267 1648 atqueeadem

146 1672 210 1732 fere
238 1673 317 1733 ratio
340 1678 389 1733 est
411 1672 444 1732 in
467 1671 579 1751 hymno
602 1674 718 1746 nostro,
741 1671 773 1730 in
795 1688 854 1752 quo
876 1673 937 1732 156
957 1670 1075 1751 dactyli
1092 1672 1129 1730 'et
1151 1690 1268 1732 novem

147 1776 275 1854 spondei
296 1780 377 1837 sunt.
407 1775 605 1836 Potissimum
626 1793 700 1835 vero
713 1773 866 1836 Homerus
890 1775 947 1835 hac
970 1793 1098 1836 caesura
1111 1795 1188 1835 usus
1206 1781 1267 1853 est,

145 1882 181 1940 ut
214 1880 401 1962 enarrationi
423 1897 536 1940 novam
556 1879 710 1960 quandam
732 1898 797 1940 rom
821 1879 1023 1958 subiungeret
1044 1879 1096 1939 vel
1116 1898 1182 1939 rem
1203 1881 1267 1941 iam

147 1984 332 2064 descriptam
357 1984 493 2068 epitheto
524 1987 696 2045 exornaret.
747 1982 825 2044 Inde
851 1985 967 2045 factum
993 1987 1055 2059 est,
1089 1989 1124 2044 ut
1145 1986 1267 2046 multae

147 2089 295 2150 formulae
319 2090 424 2168 epicae
447 2089 487 2149 ad
506 2088 576 2150 finis
594 2108 707 2149 versus
723 2089 847 2168 regulas
863 2090 1013 2149 formatae
1028 2106 1157 2149 caesura
1171 2065 1266 2150 buco-

145 2191 205 2253 hca
242 2193 379 2254 admissa
408 2192 516 2253 finiant
552 2212 678 2253 versum
706 2227 747 2236 —
777 2192 886 2253 harum
913 2191 1113 2252 formularum
1132 2192 1267 2253 homeri-

148 2315 253 2357 carum
288 2296 430 2377 exempla
460 2296 551 2358 offero
582 2297 693 2358 haece:
732 2292 810 2369 dioc
832 2287 1017 2372 Ὀδυσσεὺς,
1044 2291 1184 2378 Νέστορι
1203 2290 1267 2378 δίφ

145 2397 277 2463 limosa
300 2397 444 2485 Νέστωρ,
460 2393 596 2485 μητίετα
608 2395 698 2478 Ζεὺς,
720 2392 939 2482 ἔργονἍρηος
950 2406 982 2460 et
994 2402 1066 2460 sunt
1081 2400 1176 2465 multa
1187 2399 1260 2460 aha.

146 2503 184 2566 In
199 2506 313 2587 hymno
328 2509 433 2568 nostro
449 2505 598 2567 eiusmodi
613 2504 761 2565 formulas
777 2506 903 2565 exstare
918 2507 993 2583 puto
1009 2504 1041 2564 in
1057 2503 1262 2580 arceamus,

148 2612 202 2692 qui
225 2614 321 2672 sunt:
342 2613 370 2672 5.
394 2615 441 2673 11.
464 2615 513 2671 13.
537 2613 585 2671 14.
611 2613 660 2670 15.
678 2614 728 2670 21.
745 2612 795 2669 22.
812 2611 861 2669 23.
878 2612 928 2669 27.
946 2610 1265 2670 2836424344.

149 2718 201 2777 45.
232 2719 283 2777 46.
310 2717 359 2777 53.
392 2719 441 2776 62.
473 2716 522 2774 64.
555 2718 604 2775 68.
628 2719 678 2777 72.
703 2716 752 2774 76.
772 2717 822 2774 79.
846 2713 896 2772 85.
918 2715 967 2774 89.
992 2716 1041 2773 96.
1064 2718 1113 2774 91.
1139 2715 1188 2773 97.
1213 2717 1266 2773 99.

149 2823 219 2880 101.
243 2808 314 2881 102.
339 2820 598 2880 105.106.110.
623 2822 694 2878 111.
719 2821 791 2878 117.
816 2820 888 2878 119.
914 2821 983 2877 121.
1009 2821 1267 2880 127.129.130.

149 2928 219 2985 140.
244 2929 316 2985 141.
342 2926 412 2983 143.
438 2923 509 2984 145.
535 2924 605 2982 146.
630 2924 700 2983 148.
726 2924 797 2982 151.
821 2923 892 2982 154.
917 2925 988 2982 160.
1013 2923 1267 2986 165.167.170.

149 3033 221 3090 171.
245 3030 317 3090 176.
342 3029 413 3087 181.
436 3030 507 3088 187.
531 3029 602 3087 202.
625 3028 696 3087 208.
719 3029 791 3088 209.
815 3028 887 3087 213.
911 3029 983 3086 214.
1009 3030 1080 3087 221.
1102 3029 1174 3086 223.
1190 3032 1267 3089 224.

149 3124 221 3193 230.
252 3135 323 3195 250.
357 3134 428 3192 280.
460 3134 532 3192 289.
576 3128 624 3191 Ac
652 3148 836 3210 persuasum
863 3130 978 3207 hebed,
998 3130 1063 3190 fore
1086 3132 1120 3190 ut
1144 3129 1268 3212 siquis

147 3236 321 3297 accuratius
344 3235 423 3296 hauc
445 3252 593 3295 caesurae
612 3233 768 3295 bucolicae
791 3225 906 3295 vim'in
928 3231 1055 3294 Homeri
1078 3234 1268 3298 carminibus

149 3341 352 3402 exercitatam
374 3338 650 3413 animadvertisset,
672 3338 777 3417 plures
800 3337 883 3397 illius
902 3337 1043 3397 dictionis
1058 3338 1271 3418 proprietates
1309 3373 1311 3376 ⁴

147 3445 402 3525 explanarentur,
434 3462 564 3526 quarum
601 3461 662 3503 non
690 3460 805 3522 paucas
834 3441 867 3501 in
896 3445 1077 3503 transcursu
1107 3446 1270 3524 tamquam

147 3549 309 3610 Behkcrus
333 3549 364 3626 (l.
383 3548 403 3608 l.
424 3546 693 3627 pg.144—147)
715 3546 774 3607 iam
786 3545 962 3624 explicavit.
990 3544 1135 3608 Idunum
1149 3548 1269 3610 addere

146 3653 253 3729 velim,
280 3653 376 3713 rerba
405 3651 547 3730 longiora
573 3651 679 3712 versui
714 3649 894 3730 saepissime
917 3651 973 3711 sub
992 3670 1029 3712 ca
1048 3654 1169 3712 tantum
1192 3672 1269 3715 cou-

147 3757 262 3818 ditione
285 3776 377 3837 posse
397 3754 501 3830 inseri,
525 3755 552 3815 si
574 3775 684 3816 versus
708 3757 815 3814 utatur
829 3771 959 3815 caesura
974 3755 1110 3816 bucolica
1123 3791 1166 3799 —
1180 3755 1268 3835 ejus-

147 3862 230 3923 modi
259 3860 400 3941 cxempla
431 3861 503 3920 suut
524 3858 556 3919 in
577 3858 689 3938 hymno
713 3868 818 3919 nostro
841 3877 891 3918 vv.
916 3862 966 3920 22.
990 3861 1038 3919 23.
1064 3863 1113 3920 27.
1137 3862 1188 3920 36.
1214 3863 1268 3924 38.

148 3970 199 4028 42.
231 3968 280 4027 51.
308 3967 358 4027 85.
389 3968 439 4028 98.
472 3964 544 4023 105.
574 3965 645 4022 119.
677 3966 748 4023 120.
777 3967 848 4025 137.
882 3966 954 4024 164.
983 3963 1054 4023 165.
1085 3968 1156 4025 169.
1190 3969 1267 4028 187.

149 4075 220 4133 190.
250 4074 321 4131 197.
355 4069 427 4146 205.
459 4069 531 4128 215.
564 4069 635 4128 219.
665 4071 737 4128 226.
766 4069 838 4128 243.
871 4070 943 4129 244.
975 4070 1047 4128 252.
1081 4069 1153 4129 256.
1191 4073 1268 4132 264.

149 4177 221 4236 265.
253 4176 324 4234 280.
354 4177 427 4234 291.
470 4170 509 4231 ln
539 4169 674 4233 Homero
702 4174 828 4232 exstant
855 4172 1088 4233 innumerabilia
1113 4172 1269 4236 eiusmodi

147 4279 305 4360 exempla,
340 4277 438 4337 veluti
472 4275 561 4336 Iliad.
594 4298 620 4352 ν,
647 4298 676 4337 v.
702 4280 772 4338 266.
805 4280 876 4337 267.
912 4279 984 4354 268,
1014 4278 1045 4337 in
1078 4297 1153 4358 quos
1183 4280 1269 4341 forte

45 4421 50 4428 ·
149 4385 253 4445 oculos
274 4381 397 4444 conieci.
