2828 4814
616 335 811 389 -4-

155 518 347 599 explicandis
371 518 412 579 sit
435 517 578 579 effectum
599 519 712 599 quidve
735 519 824 580 desit.
863 517 907 580 At
928 539 1022 600 quum
1043 522 1175 601 quatuor
1198 525 1270 581 sunt

153 624 260 704 hymni
283 623 428 684 homerici
447 624 587 700 maiores,
606 623 699 685 valde
720 624 822 700 miror,
843 625 925 706 quod
946 630 1012 686 tres
1028 627 1147 685 tantum
1161 624 1269 704 hymni

154 728 460 790 commentationibus
488 727 568 804 illis,
602 746 679 809 quas
710 716 873 808 descripsi,
900 728 999 789 adhuc
1018 729 1165 789 illustrati
1186 731 1267 803 sunt,

154 833 341 912 praesertim
363 852 457 913 quum
479 831 532 892 ille
554 832 696 912 hymnus,
720 832 773 913 qui
793 833 944 912 respectis
968 832 1079 894 studiis
1102 833 1133 894 in
1156 833 1267 893 ceteris

152 936 277 1018 hymnis
300 936 457 997 collocatis
479 935 642 1015 neglectus
657 941 715 1012 est,
737 955 811 1000 sane
827 938 959 1016 optimus
973 955 1008 998 ao
1023 938 1266 1017 perfectissimus

153 1060 223 1101 esse
238 1040 381 1101 videatur
396 1047 427 1100 et
442 1040 502 1101 iam
517 1027 555 1100 ab
571 1041 705 1121 antiquis
717 1041 888 1102 hominibus
900 1041 1016 1121 insigni
1026 1031 1265 1123 ὁμηρικωτάιου

152 1146 273 1205 nomine
297 1145 338 1205 sit
358 1149 492 1220 notatus,
515 1145 663 1225 hymnum
685 1145 751 1206 dico
774 1146 806 1205 in
826 1144 989 1220 Venerem,
1011 1146 1049 1205 de
1072 1165 1131 1227 quo
1152 1145 1265 1222 nullus,

117 1295 120 1301 .
152 1251 254 1331 quoad
278 1250 356 1324 scio,
389 1249 538 1310 eiusmodi
560 1248 684 1310 libellus
707 1252 821 1312 exstat.
867 1250 988 1321 Quibus
1011 1252 1103 1312 rebus
1126 1251 1265 1312 omnibus

153 1358 322 1415 commotus
343 1353 503 1414 consilium
525 1353 593 1434 cepi
615 1353 712 1414 libelli
731 1354 919 1431 conficiendi,
943 1362 977 1416 ut
1000 1355 1031 1416 in
1046 1355 1180 1415 medium
1194 1374 1264 1435 pro-

152 1461 249 1519 feram
277 1445 444 1537 opiniones,
476 1476 553 1539 quas
585 1458 623 1519 de
651 1459 764 1538 hymno
794 1459 826 1519 in
848 1458 1001 1520 Venerem
1031 1459 1183 1541 homerico
1206 1461 1266 1521 viri

152 1564 235 1624 docti
254 1563 425 1623 ediderunt.
458 1560 487 1621 A
510 1581 569 1644 quo
592 1563 749 1642 proposito
766 1564 885 1623 secerni
896 1582 955 1624 non
970 1567 1082 1644 potest,
1105 1567 1140 1625 ut
1155 1563 1264 1625 latiore

153 1667 362 1746 disputatione
384 1667 491 1747 hymni
511 1671 543 1726 et
565 1686 630 1727 rem
644 1667 802 1727 metricam
818 1672 849 1728 et
865 1668 1033 1728 orationem
1047 1669 1209 1746 exigamus
1226 1671 1266 1730 ad

152 1767 313 1832 obrtssam
335 1770 425 1851 quasi
447 1770 615 1831 carminum
635 1770 895 1847 hommericorum,
919 1791 997 1853 quae
1022 1772 1103 1832 omni
1124 1773 1163 1832 de
1177 1774 1263 1852 poesi

152 1873 338 1937 Graecorum
376 1875 463 1956 epica
498 1893 533 1936 ac
569 1875 763 1955 potissimum
802 1877 840 1936 de
869 1876 1054 1938 carminibus
1081 1877 1176 1955 epicis
1206 1882 1263 1940 sub

151 1980 277 2041 Homeri
308 1980 430 2040 nomine
464 1979 516 2040 diu
550 1979 737 2041 circumlatis
775 1981 948 2062 quaestioni
981 1979 1153 2041 firmissimo
1192 1986 1264 2042 sunt

150 2086 364 2161 fundamento,
410 2085 588 2164 explanem,
628 2085 702 2167 quid
742 2086 821 2165 ipse·
851 2086 889 2146 de
924 2086 1032 2166 hymni
1071 2089 1262 2165 argumento,

150 2194 251 2268 poeta,
272 2189 371 2269 patria
392 2188 531 2249 sentiam.

237 2291 314 2354 Inde
330 2295 368 2354 ab
384 2311 462 2354 anno
474 2293 636 2354 millesimo
649 2293 924 2374 septingentesimo
935 2296 1134 2373 nonagesimo
1146 2293 1257 2375 quinte,

150 2417 208 2481 quo
231 2397 365 2460 Wolfius
381 2397 599 2478 prolegomena
615 2398 654 2458 ad
668 2397 836 2458 Homerum
850 2399 968 2480 inclyta
983 2399 1089 2476 edidit,
1110 2401 1141 2460 et
1154 2395 1261 2460 Wolfii

150 2510 181 2565 et
202 2508 373 2565 ceterorum
396 2503 534 2564 virorum
553 2503 712 2564 doctorum
733 2522 826 2584 opera
846 2516 878 2564 et
893 2505 1004 2564 studiis
1020 2504 1154 2583 cognitio
1170 2522 1262 2585 quum

102 2594 108 2599 ’
147 2627 277 2689 poeseos
297 2608 402 2687 epieac
418 2604 607 2668 Graecorum
629 2611 694 2668 tum
714 2608 883 2669 carminum
897 2607 1129 2696 Homerioorum
1143 2610 1263 2669 tantum

145 2714 294 2793 provecta
316 2714 409 2792 atque
431 2721 522 2773 aucta
542 2715 599 2788 est,
623 2714 658 2772 ut
677 2713 775 2773 multa
799 2717 830 2774 et
850 2732 949 2794 usque
972 2731 1008 2773 eo
1028 2712 1186 2792 incognita
1202 2712 1284 2772 sint·

144 2818 279 2892 inventa,
301 2815 495 2877 multavere
518 2816 628 2877 deesse
648 2817 869 2898 intelligantur.
902 2817 1008 2888 Quare
1029 2835 1075 2893 ea,
1099 2835 1177 2899 quae
1200 2816 1261 2876 viri

145 2921 227 2982 docti
256 2921 295 2981 de
315 2919 449 2982 Homero
477 2923 571 3000 poeta
592 2923 664 2981 ante
686 2920 834 2983 Wolfium
857 2922 1022 2997 senserint,
1060 2923 1124 2983 fere
1145 2919 1260 2980 nullius

145 3025 335 3087 aestimanda
366 3044 437 3086 esse
467 3027 551 3105 puto.
595 3024 683 3086 Idem
701 3030 752 3087 est
774 3026 971 3088 iudicandum
994 3026 1032 3087 de
1057 3024 1260 3105 opinionibus,

145 3149 223 3211 quae
245 3132 371 3190 exstant
394 3130 432 3190 de
454 3129 577 3210 hymnis
599 3131 770 3207 homericis,
793 3150 978 3213 quamquam
1000 3130 1177 3209 negandum
1198 3147 1260 3186 non

144 3238 202 3309 est,
224 3234 285 3295 iam
307 3236 380 3293 ante
396 3232 552 3310 Wolfium,
576 3235 638 3295 etsi
660 3234 813 3296 Homerus
836 3240 924 3296 vates
948 3253 1059 3294 caecus
1080 3250 1151 3292 esse
1167 3231 1260 3291 etiam

143 3340 313 3416 putaretur,
328 3338 383 3399 illa
393 3357 523 3418 poeseos
539 3339 645 3419 epioae
658 3332 847 3401 Graecorum
858 3338 993 3400 frustula
1001 3335 1126 3397 Homeri
1138 3335 1260 3397 nomine

145 3442 239 3520 digna
265 3461 327 3502 non
350 3460 420 3502 esse
440 3443 595 3504 nonnullis
618 3443 781 3524 placuisse.
827 3443 915 3514 Quae
939 3440 1114 3521 opiniones,
1148 3441 1259 3522 quibus

143 3546 274 3626 hymnos
297 3545 430 3607 Homero
455 3547 674 3608 abiudioandos
696 3567 766 3609 esse
786 3547 947 3622 doeemur,
974 3546 1099 3626 postero
1121 3547 1259 3624 tempore

144 3651 335 3730 argumentis
363 3651 543 3713 certioribus
576 3652 671 3713 etiam
701 3651 856 3713 stabilitae
879 3669 915 3713 ao
937 3649 1134 3721 confirmatae
1160 3648 1261 3709 adhuc

144 3759 228 3814 stant
258 3760 290 3815 et
310 3758 473 3835 putantur,
504 3757 549 3817 ita
570 3761 606 3816 ut
631 3776 708 3837 opus
730 3775 791 3817 non
813 3756 942 3817 habeam
965 3754 1173 3836 disputatione
1197 3771 1259 3812 am-

143 3861 241 3939 pliore
262 3862 410 3941 probare,
438 3862 587 3942 hymnos,
620 3862 672 3942 qui
694 3861 790 3940 vulgo
811 3861 957 3922 homerici
979 3860 1191 3934 nominantur,
1221 3857 1259 3917 ab

142 3963 276 4026 Homero
301 3966 456 4028 confectos
478 3985 549 4027 esse
571 3985 633 4027 non
656 3984 756 4046 posse.
798 3964 903 4047 Atque
923 3966 1044 4028 omnino
1067 3965 1105 4025 de
1126 3963 1261 4025 omnium

144 4069 328 4150 hymnorum
343 4071 567 4131 homericorum
584 4071 669 4131 statu
684 4071 774 4151 plura
790 4069 882 4131 affere
899 4069 1095 4151 supersedeo,
1118 4067 1262 4150 quoniam

143 4173 181 4232 de
210 4193 270 4234 uno
300 4174 332 4235 iu
353 4173 507 4235 Venerem
536 4174 649 4255 hymno
678 4194 772 4255 agere
801 4175 875 4235 mihi
907 4173 1099 4255 propositum
1124 4176 1180 4234 est.
1226 4170 1261 4233 si

143 4279 211 4359 quis
239 4296 313 4338 vero
343 4278 582 4358 disputationem
618 4279 796 4359 ampliorem
825 4279 978 4360 requirat,
1011 4298 1081 4338 eum
1103 4278 1206 4339 reiicio
1230 4277 1262 4337 in

143 4381 331 4444 Groddeokii
345 4382 456 4442 librum
471 4382 509 4443 de
524 4383 708 4464 hymnorum
722 4383 942 4446 homericorum
958 4382 1095 4463 reliquiis
1108 4379 1260 4461 (Gotting.
