2828 4814
616 373 834 431 ..72-

174 542 350 604 sacerdotes
374 543 517 620 castrati,
547 545 703 608 testantur
731 563 826 626 aeque
849 564 885 606 ac
908 546 1025 621 fabula,
1048 564 1126 627 quae
1149 546 1188 608 de
1208 544 1266 624 Att

173 650 205 709 et
220 643 372 726 Agdistil-
393 648 548 709 ferebatur
570 685 612 694 --
636 649 663 709 si
685 648 742 710 hoc
756 652 835 711 bene
857 650 1057 726 meminimus,
1080 648 1287 711 confitendum

174 754 238 826 est,
267 750 384 811 Vestae
414 752 536 812 numine
567 753 821 833 spectatissimum
851 758 955 816 castae
973 755 1069 824 ,vitae
1092 753 1288 835 familiaeque

173 857 368 935 incorruptae
391 854 525 935 effigiem
545 876 615 917 esse
636 862 830 937 perceptam,
858 877 936 939 quae
959 858 1082 940 quidem
1115 877 1156 918 ex
1179 857 1290 919 summi

174 961 257 1021 illius
285 959 418 1020 numinis
438 961 526 1041 quasi
548 960 647 1021 altera
667 963 794 1038 natura,
817 981 896 1043 quae
926 961 984 1023 fuit
1006 961 1140 1022 naturali
1161 961 1289 1022 libidine

173 1084 281 1141 vacua,
305 1064 393 1126 facile
416 1064 593 1145 concipitur.
631 1063 760 1126 Accedit
783 1067 864 1147 quod
887 1064 1021 1126 aSuida
1042 1066 1189 1127 traditum
1213 1065 1288 1142 cst2,

176 1169 313 1250 Cybelen
347 1187 416 1229 cum
444 1168 544 1228 Vesta
568 1187 638 1229 esse
664 1171 830 1230 confusam.
883 1169 971 1230 Hanc
998 1170 1096 1248 igitur
1119 1169 1158 1230 de
1186 1170 1286 1231 Vesta

144 1334 147 1341 ,
175 1273 319 1335 fabellam
339 1292 379 1333 ex
402 1269 604 1350 Trojanorum
626 1273 749 1351 ingenio
773 1292 954 1353 expressam
976 1293 1045 1334 cum
1065 1274 1160 1334 totius
1184 1273 1290 1354 hymni

175 1379 356 1457 argumento
379 1375 493 1456 optime
509 1395 679 1455 congruere
704 1376 786 1437 sacili
806 1378 930 1457 negotio
953 1377 1155 1443 concedimus.
1199 1376 1289 1438 Hanc

175 1500 249 1543 vero
281 1482 424 1541 naturam
445 1480 534 1540 modo
550 1479 744 1560 descriptam
765 1499 784 1540 a
803 1480 903 1542 Vesta
932 1481 964 1540 in
983 1484 1142 1562 posterum
1166 1500 1288 1563 quoquc

176 1589 297 1665 tempus
319 1586 471 1646 retentam
492 1603 562 1644 esse
585 1586 682 1645 testes
704 1587 776 1645 sunt
798 1584 974 1646 Pindarus³
996 1588 1028 1646 et
1047 1585 1208 1663 Vergilius
1222 1584 1244 1645 ⁴.

263 1689 314 1750 lta
330 1709 433 1750 omnes
456 1689 599 1769 ineptiae,
620 1707 695 1769 quas
710 1707 767 1748 nos
784 1707 877 1769 supra
900 1708 940 1749 ex
960 1689 1083 1768 ingenio
1099 1686 1290 1750 Graecorum

177 1779 242 1856 rem
263 1793 465 1853 diiudicantes
484 1793 659 1867 attulimus,
686 1813 704 1853 e
726 1793 825 1853 medio
846 1793 986 1853 sublatae
1010 1795 1089 1854 sunt.
1135 1793 1290 1864 Quocirca

180 1900 250 1975 stat,
265 1898 345 1979 quod
361 1897 569 1977 disputatione
585 1900 692 1958 nostra
707 1897 918 1958 demonstrare
934 1897 1035 1958 conati
1051 1917 1165 1973 sumus,
1181 1917 1293 1978 nempe

178 2006 210 2064 et
230 2002 361 2063 Veneris
390 2005 531 2063 naturam
561 2005 593 2062 et
623 2004 722 2062 totum
750 2002 870 2062 fabulae
904 2003 1080 2062 contextum
1109 2020 1170 2062 non
1197 2020 1293 2080 posse
1330 2012 1333 2017 '

178 2110 256 2169 bene
279 2105 426 2185 intelligi,
449 2105 509 2166 nisi
532 2125 572 2166 ex
592 2105 713 2181 fabulis,
736 2123 813 2187 quas
839 2106 919 2165 inter
943 2103 1091 2165 Troianos
1111 2105 1163 2165 vel
1186 2124 1294 2166 eorum

178 2212 324 2293 reliquias
341 2209 433 2271 Troia
448 2212 539 2291 capta
561 2211 593 2270 in
615 2209 690 2271 Idae
711 2210 840 2270 saltibus
863 2210 1020 2289 dispersas
1042 2210 1140 2270 fuisse
1162 2212 1297 2284 constat,

180 2317 396 2395 argumentum
432 2315 527 2375 totius
556 2306 662 2394 hymni
698 2316 853 2394 sumptum
884 2333 953 2374 esse
982 2316 1111 2375 statuas.
1165 2312 1298 2375 Accedit

180 2421 261 2502 quod
279 2407 445 2480 'Anchisae
470 2419 561 2479 timor
590 2418 683 2478 miser
711 2419 769 2478 dea
798 2417 928 2497 agnita⁵
953 2438 1009 2478 nos
1038 2418 1130 2478 valde
1162 2416 1298 2478 offendit.

181 2525 244 2596 Qui
269 2523 360 2585 timor
388 2545 428 2585 ex
458 2542 527 2584 mea
557 2523 679 2604 quidem
709 2522 850 2602 opinione
878 2528 949 2602 apte
972 2522 1171 2602 explanatur,
1202 2541 1299 2602 quum

182 2629 281 2689 animo
302 2630 424 2703 teneas,
447 2626 619 2702 Anchisen,
648 2628 812 2708 postquam
833 2646 902 2687 cum
922 2627 979 2686 dea
1006 2644 1207 2704 congressum
1224 2645 1299 2687 esse

182 2732 449 2806 animadverterit,
489 2751 550 2791 non
585 2733 778 2809 ignorantem
813 2731 911 2810 ipsius
942 2749 1091 2809 proavum
1122 2725 1299 2790 lesionem⁶

181 2841 308 2917 propter
337 2835 531 2896 concubitum
559 2855 627 2896 cum
654 2835 766 2898 Cerere
795 2836 910 2895 factum
945 2832 1029 2893 Iovis
1066 2833 1193 2894 fulmine
1223 2852 1297 2895 esse

181 2960 363 3020 percussum
376 2937 403 3015 ⁷,
431 2941 583 3015 metuere,
606 2959 645 2999 ne
666 2939 733 3019 ipse
753 2939 834 2998 idem
855 2956 1005 3018 passurus
1037 2937 1078 2998 sit
1090 2935 1109 2997 ⁸.
1153 2936 1196 2998 Et
1216 2935 1299 2997 The-

181 3042 282 3104 mida⁹
300 3063 319 3104 a
342 3042 543 3104 Troianorum
566 3044 671 3104 ordine
695 3044 819 3103 deorum
840 3062 902 3103 non
926 3042 1057 3103 alienam
1076 3041 1171 3101 tuisse
1193 3041 1301 3103 elucet

81 3220 85 3227 ¹
182 3149 234 3209 vel
258 3148 451 3228 potissimum
471 3166 577 3223 exeo,
606 3149 687 3228 quod
710 3146 864 3209 Anchisae
886 3147 984 3227 ipsius
1006 3149 1113 3220 mater,
1136 3163 1216 3226 quae
1239 3145 1301 3208 fuit

183 3250 298 3334 Capyis
318 3270 415 3327 uxor,
438 3270 548 3311 nomen
569 3251 701 3312 habebat
724 3249 927 3312 Themidis10.
971 3249 1110 3330 Denique
1133 3267 1227 3310 aurea
1249 3269 1300 3311 or-

184 3358 328 3418 namenta
350 3358 382 3416 et
404 3356 506 3416 novile
528 3356 669 3416 bacatum
691 3354 823 3415 Veneris
845 3355 877 3414 in
899 3351 1047 3435 hymno¹1
1070 3353 1203 3433 saepius.
1216 3372 1301 3414 oom-

257 3578 282 3647 1)
302 3577 424 3630 manaen
439 3574 458 3627 l.
472 3575 491 3628 1.
504 3573 519 3628 Ι
530 3590 576 3642 pg.
592 3574 625 3629 26
639 3589 710 3644 sqq.;
727 3573 833 3628 Preller
850 3572 868 3625 l.
882 3572 901 3624 l.
914 3570 928 3623 I
941 3586 986 3638 pg.
999 3570 1051 3624 406
1063 3585 1103 3638 sq.

223 3665 224 3669 ’
253 3665 285 3730 2)
298 3680 319 3717 s.
336 3680 360 3716 v.
379 3667 430 3733 γῆς
450 3658 565 3731 ἄγαλμα
584 3691 617 3697 -
636 3660 668 3714 ci.
684 3660 788 3714 Preller
805 3657 1013 3725 1.l.1pg.272.

255 3752 282 3818 3)
300 3749 378 3803 Nem.
397 3747 446 3812 XI,
466 3751 552 3816 lsqq.

258 3838 285 3900 4)
305 3833 415 3889 Aeneid.
434 3834 457 3897 I,
471 3834 529 3888 292.

258 3922 286 3988 5)
305 3921 396 3988 hymn.
414 3937 438 3973 v.
453 3921 503 3975 181
517 3936 575 3989 sqq.

259 4009 285 4076 6)
304 4006 418 4060 Lobeck.
437 4005 570 4076 Aglaoph.
588 4024 634 4076 pg.
650 4007 718 4062 1222
728 4023 768 4076 sq.

228 4137 232 4147 .
259 4095 286 4163 7)
303 4093 415 4161 Dionys.
435 4091 465 4146 A.
479 4093 511 4146 R.
524 4090 546 4156 I,
557 4091 598 4148 61.
670 4164 673 4173 Ι

259 4182 286 4250 8)
304 4181 426 4235 Klausen
443 4179 461 4232 l.
474 4179 517 4233 1.Ι
530 4197 595 4249 pgg.
605 4182 639 4236 30
653 4183 680 4233 et
691 4182 750 4236 339.

257 4268 286 4336 9)
303 4267 397 4337 hymni
413 4283 437 4321 v.
452 4268 495 4321 94.
1162 4323 1164 4328 ,

243 4356 287 4422 10)
306 4355 428 4408 Klausen
446 4353 465 4407 1.
478 4353 581 4421 1.1pg.
596 4353 654 4406 144.
669 4353 719 4407 174
729 4368 786 4420 sqq.
807 4349 929 4420 Apollod.
943 4349 995 4413 111,
1011 4352 1052 4413 12,
1063 4349 1087 4404 2.

244 4441 288 4509 11)
307 4457 349 4496 vv.
364 4441 386 4496 1.
400 4444 424 4496 9.
439 4441 481 4498 65.
495 4441 528 4496 86
542 4455 601 4511 sqq.
620 4439 662 4496 93.
677 4440 727 4494 162
739 4455 797 4507 sqq.
