2828 4814
639 348 855 408 ...68-

194 558 264 599 esse
284 537 509 611 dubitaturum,
532 535 605 616 quin
627 533 697 595 illae
719 535 812 598 urbes
836 551 854 592 a
874 530 1075 592 Troianorum
1096 525 1234 612 reliquiis
1254 543 1306 591 re-

193 660 268 703 vera
289 646 414 721 postero
429 640 521 700 etiam
536 640 673 718 tempore
690 638 751 697 sint
766 637 931 697 habitatae.
976 633 1094 695 Scimus
1110 639 1273 715 praeterea
1286 633 1307 710 ¹,

194 744 315 825 Scepsi,
342 762 434 825 quam
454 741 624 816 Ascanius,
653 740 779 800 Aeneae
803 739 901 815 filius,
933 739 1109 800 condidisse
1138 738 1308 814 dicebatur,

193 849 354 929 imperinm
368 847 544 908 exercuisse
559 864 659 922 reges,
683 844 735 925 qui
757 843 885 923 stirpem
906 844 943 903 ab
959 841 1092 903 Ascanio
1114 844 1146 902 et
1161 839 1308 903 Scaman-

195 953 277 1028 drio,
307 950 369 1012 filio
399 949 559 1023 Hectoris,
594 948 788 1008 deducerent.
838 946 951 1008 Postea
979 965 1053 1008 vero
1084 965 1178 1027 quum
1206 945 1309 1008 Mileti

194 1053 340 1117 coloniis²
370 1055 514 1133 regiones
536 1052 632 1112 Asiae
657 1053 782 1113 minoris
810 1051 1065 1131 septentrionales
1087 1069 1183 1130 aeque
1214 1053 1308 1131 atque

196 1178 249 1219 ora
269 1158 360 1220 Ponti
382 1157 499 1217 Euxini
520 1157 611 1238 quasi
632 1138 798 1216 inundatae
821 1153 956 1230 essentss,
985 1151 1110 1233 Scepsis
1133 1172 1254 1235 quoque
1275 1160 1308 1215 et

196 1261 311 1340 Gergis
335 1280 353 1321 a
367 1261 499 1322 Milesiis
516 1265 588 1321 sunt
607 1264 774 1340 occupatae
785 1257 807 1319 4.
851 1258 969 1319 Deinde
984 1258 1114 1318 Milesiis
1129 1258 1305 1318 auctoribus

195 1366 403 1446 optimatium,
432 1367 541 1445 postea
559 1363 666 1444 populi
693 1363 832 1443 potentia
862 1363 1030 1423 constituta
1052 1363 1109 1422 est.
1150 1359 1194 1421 At
1214 1381 1307 1440 reges

194 1472 302 1530 harum
330 1468 452 1528 urbium
480 1487 591 1528 nomen
619 1468 740 1546 regium
762 1469 794 1527 et
814 1466 946 1527 honores
973 1466 1123 1547 quosdam
1141 1465 1309 1526 retinuisse

195 1570 324 1634 Strabo⁵
346 1574 465 1646 narrat,
486 1572 553 1653 qni:
574 1558 654 1646 εἶτα,
675 1570 781 1650 inquit,
795 1561 973 1652 Μιλησίοις
992 1560 1308 1652 οννειιολιτεύθηοαν

194 1668 306 1749 αὐτοῖς
327 1669 382 1736 καὶ
403 1671 647 1758 δημοκρατικῶς
667 1664 776 1755 ᾤκουν·
799 1664 880 1734 oto'
902 1660 972 1733 ἀπὸ
1001 1674 1059 1733 τοῦ
1082 1665 1191 1752 γένους
1213 1659 1322 1759 οὐδὲν,

193 1766 287 1861 ἧιτον
302 1770 469 1838 ἐκαλοῦντο
486 1774 633 1855 βασιλεῖς
648 1768 774 1852 ἔχοντές
796 1795 887 1850 τινας
902 1770 1000 1854 τιμάς
1020 1809 1061 1819 -
1083 1794 1159 1856 quos
1173 1775 1309 1836 honores

195 1898 358 1941 concessos
372 1879 586 1941 Klausenius⁶
608 1880 743 1940 saorales
762 1879 859 1940 fuisse
879 1880 1038 1958 ingeniose
1059 1879 1234 1958 suspicatus
1251 1882 1309 1940 est.

194 1983 303 2065 Itaque
331 1983 475 2064 reliquias
497 1984 611 2044 troicas
635 2003 728 2064 quum
748 1984 780 2043 in
802 1984 1008 2063 compluribus
1030 1981 1158 2042 Troadis
1180 1982 1310 2044 urbibus

195 2090 261 2148 tum
282 2088 414 2147 maxime
434 2085 532 2166 Gergi
563 2098 594 2147 et
614 2085 721 2167 Scepsi
743 2087 795 2146 diu
827 2094 899 2166 post
919 2085 1043 2147 Troiam
1068 2090 1188 2166 captam
1210 2085 1311 2148 finisse

195 2194 228 2251 et
249 2191 403 2271 principes
425 2210 443 2250 e
464 2196 605 2251 veterum
626 2189 811 2261 Teucrorum
832 2210 942 2269 regum
964 2191 1061 2270 stirpe
1079 2187 1188 2250 ort0s⁷
1210 2184 1312 2268 Gergi

196 2299 228 2354 et
257 2292 365 2373 Scepsi
397 2312 546 2371 regnasse
577 2312 633 2373 pro
669 2298 752 2354 certo
776 2294 889 2354 habere
918 2312 1091 2373 possumus.
1142 2291 1223 2352 Nam
1243 2291 1309 2352 An-

199 2398 301 2458 chisae
325 2397 451 2477 eiusque
471 2397 612 2471 familiae,
634 2416 694 2456 non
717 2402 820 2457 autem
841 2397 961 2457 Priamo
983 2398 1110 2477 eiusque
1141 2396 1227 2474 genti
1253 2397 1310 2456 im-

196 2502 314 2582 perium
342 2521 382 2561 ex
406 2499 606 2561 Troianorum
632 2501 744 2581 fabulis
774 2501 993 2582 antiquissimis
1023 2520 1093 2560 esse
1112 2498 1313 2560 tribuendum

196 2603 500 2665 dooetKlansenius⁸
523 2609 635 2665 testem
656 2624 771 2667 vocans
783 2603 974 2667 Homernm9.
1018 2603 1106 2665 Hanc
1125 2604 1313 2665 sententiam

196 2728 295 2788 nuper
321 2707 539 2768 Miillenhofius
571 2727 691 2790 quoque
715 2711 844 2790 protulit
857 2709 893 2769 ¹⁰.

285 2827 330 2887 At
345 2828 401 2887 hos
418 2826 604 2888 Teucrorum
614 2830 767 2909 principes
783 2839 891 2891 etune
906 2849 975 2890 oum
989 2831 1027 2890 iis
1042 2830 1159 2890 incolas
1175 2830 1314 2891 omnium

195 2931 318 2993 illarum
348 2932 513 2992 troioarum
540 2933 662 2993 urbium
692 2934 803 2994 oblitos
830 2934 927 2994 fuisse
955 2933 1142 3010 fabularum,
1171 2952 1251 3015 quae
1271 2934 1315 2997 de

195 3036 332 3114 ipsorum
367 3036 491 3114 proavis
520 3037 697 3097 ferebantur
734 3055 923 3118 quarumque
957 3039 1077 3116 partem
1103 3038 1259 3118 quandam
1294 3057 1315 3099 a

196 3139 297 3218 poetis
317 3135 506 3200 Graecorum
535 3142 660 3202 summis
689 3142 895 3220 maximopere
924 3161 994 3201 esse
1017 3141 1202 3201 celebratam
1223 3142 1314 3203 ride-

269 3434 295 3500 1)
313 3432 434 3486 Klausen
451 3432 470 3485 1.
483 3431 502 3485 l.
516 3430 587 3500 ipg.
601 3433 635 3488 46
649 3449 714 3502 sqq3
733 3431 838 3489 Strabo.
857 3430 925 3487 XIII
937 3448 1002 3502 pgg.
1016 3431 1075 3487 607.
1089 3432 1150 3489 608.

197 3519 477 3674 ἩνῖἕΕέῧξοιήὶαε
501 3514 606 3575 Griech.
635 3519 729 3576 (lesch.
749 3521 763 3573 I
781 3538 827 3591 pg.
840 3523 892 3577 339
913 3536 963 3589 sqq
973 3542 980 3584 ;
1010 3519 1106 3574 Strabo
1117 3519 1171 3588 XII
1184 3536 1231 3589 pg.
1245 3523 1315 3590 524;

271 3709 299 3775 3)
319 3706 415 3761 Strabo
434 3707 501 3762 XIII
513 3726 578 3778 pgg.
592 3711 649 3763 590.
665 3709 723 3766 587.
735 3709 797 3765 589.
809 3711 861 3765 588
867 3731 875 3773 ;
898 3707 1023 3777 Apollon.
1034 3707 1057 3774 1,
1078 3711 1146 3763 1076
1166 3725 1188 3762 c.
1209 3710 1315 3776 schol.;

198 3797 337 3850 Hermann
356 3792 461 3847 (iriech.
480 3792 596 3847 Alterth.
617 3795 714 3857 78,14.

267 3882 295 3948 4)
314 3880 347 3933 cf.
366 3880 560 3934 Anaximenem
579 3879 790 3949 Lampsacenum
809 3881 881 3949 apud
900 3880 1059 3937 Strabonem
1077 3880 1140 3935 XIV
1153 3896 1198 3949 pg.
1214 3885 1279 3939 635.

268 3965 296 4034 5)
314 3965 438 4035 Xlleg.
453 3967 514 4024 607.

270 4051 297 4120 6)
316 4051 508 4121 1.1.1pg.47.

202 4171 205 4177 ·
269 4137 295 4204 7)
315 4136 438 4192 Welcker
449 4136 557 4206 Episch.
576 4135 650 4206 Cycl.
663 4136 691 4190 Π
703 4153 767 4207 pgg.
782 4138 823 4193 23.
835 4139 878 4194 43.
893 4141 943 4196 128
956 4138 1002 4194 all.
1048 4189 1051 4193 ,

270 4222 297 4291 8)
316 4222 334 4276 l.
348 4223 367 4276 l.
381 4223 453 4292 ng.
466 4223 579 4279 31-32.

271 4308 298 4377 9)
316 4308 394 4363 Iliad.
413 4317 440 4378 β,
455 4311 521 4373 819;
542 4331 564 4373 v,
577 4311 620 4365 91.

252 4395 296 4461 10)
315 4395 450 4451 Dentsche
468 4395 726 4454 Altertbumslnmde
743 4417 788 4469 pg.
804 4401 836 4454 17
849 4417 889 4468 sq.
