2828 4814
603 348 819 405 -13.„

157 532 281 612 Optimo
304 532 398 612 igitur
420 533 486 593 iure
504 512 751 610 Bernhardyus¹
767 532 916 592 excitauit
931 533 1058 608 animos,
1081 531 1117 591 ut
1133 531 1272 612 anquire-

156 640 254 712 retur,
292 640 444 718 quatenus
486 654 522 697 ac
569 635 679 717 quibus
713 635 805 694 rebus
839 636 1023 716 hymnorum
1050 635 1273 696 homerioorum

159 740 277 802 dicendi
312 761 411 820 genus
446 742 477 801 et
508 759 577 800 cum
603 721 736 800 Homero
764 741 796 799 et
822 757 891 799 cum
920 739 1056 801 Hesiodo
1086 740 1273 802 consentiret

157 847 248 925 atque
279 845 466 906 abhorreret.
511 843 599 913 Quae
627 841 766 924 quaestio
797 844 845 902 est
877 861 951 903 sane
981 843 1172 919 difficillima,
1201 841 1272 924 quia

155 949 194 1008 de
216 948 343 1016 Homeri
361 969 395 1008 rc
418 948 545 1009 metrica
566 947 671 1028 plures
694 950 820 1007 exstent
843 947 929 1022 libri,
951 948 990 1008 de
1009 947 1138 1009 Hesiodi
1159 947 1271 1022 nullus,
1386 956 1390 962 '

156 1054 256 1134 quoad
277 1053 356 1129 seio,
386 1071 422 1113 ac
447 1053 518 1134 quia
540 1072 625 1128 eum,
649 1051 702 1133 qui
724 1050 764 1110 ad
783 1051 863 1112 hano
884 1071 949 1112 rem
967 1053 1107 1128 accedat,
1132 1071 1209 1132 opus
1231 1051 1272 1111 sit

155 1160 188 1217 et
219 1177 287 1218 cum
309 1157 435 1218 Homeri
463 1161 495 1219 et
522 1176 591 1218 oum
612 1155 742 1216 Hesiodi
770 1155 913 1233 operibus
935 1156 1043 1217 intima
1065 1137 1270 1217 familiaritate

156 1281 226 1322 esse
251 1262 444 1324 coniunctum
468 1265 500 1323 et
522 1262 555 1322 in
577 1265 707 1341 utroque
728 1260 821 1338 poeta
843 1259 931 1340 quasi
951 1260 1099 1322 habitare.
1143 1259 1287 1322 interim

155 1365 333 1446 priusquam
370 1366 443 1427 talis
474 1366 523 1425 vir
549 1362 719 1438 exstiterit,
758 1380 870 1442 operae
898 1364 958 1424 erit
987 1365 1120 1443 pretium
1147 1364 1271 1443 singula

156 1470 302 1550 colligere
320 1479 357 1535 ,et
379 1469 564 1530 examinare.
610 1467 701 1538 Quod
716 1465 911 1547 Bernhardyi
926 1472 1124 1548 praeceptum
1138 1469 1270 1529 maxime

154 1574 229 1636 mihi
265 1575 376 1636 cadere
412 1573 536 1634 uidetur
565 1573 596 1633 in
626 1573 757 1653 hymnos
788 1571 833 1632 in'
850 1570 1037 1633 Mercurium
1066 1576 1099 1634 et
1127 1573 1270 1636 Cererem

155 1679 320 1755 confectos,
330 1677 451 1738 minime
467 1697 540 1739 vero
555 1677 587 1738 in
601 1696 680 1752 eum,
700 1677 738 1736 de
755 1695 815 1757 quo
830 1677 961 1755 agimus,
984 1677 1140 1758 hymnum
1157 1678 1269 1758 quippe

156 1780 208 1861 qui
233 1781 297 1843 fere
328 1782 419 1844 nimis
449 1782 621 1844 homericus
653 1800 724 1842 esse
743 1781 887 1841 videatur
908 1800 943 1842 ac
965 1800 1063 1861 paene
1083 1782 1128 1843 nil
1149 1783 1270 1859 habeat,

154 1886 236 1966 quod
259 1905 387 1966 prorsus
410 1906 429 1948 a
451 1887 672 1949 consuetudine
692 1885 847 1945 homerica
869 1885 1065 1947 abhorreat.²
1109 1885 1270 1968 Aequum

153 1991 191 2050 ab
221 1991 291 2051 aliis
323 1992 400 2052 uiris
425 1992 525 2052 doctis
552 1971 600 2050 uti
631 2008 649 2049 a
684 1985 846 2048 Koehnio³
869 1989 1015 2049 nonnulla
1038 2009 1080 2050 ex
1098 1990 1211 2071 hymno
1232 1992 1271 2051 ad

155 2092 345 2154 Hesiodeum
362 2113 462 2172 genus
478 2092 599 2153 dicendi
614 2091 740 2172 propius
754 2092 930 2152 accedentia
945 2093 1006 2153 sint
1019 2092 1156 2170 collecta,
1170 2095 1270 2170 timeo,

153 2215 194 2255 ne
215 2197 288 2258 mihi
309 2215 409 2278 pauca
432 2197 494 2258 sint
515 2197 638 2272 relicta,
668 2214 746 2278 quae
770 2196 894 2272 addam,
918 2215 1101 2279 quamquam
1123 2198 1180 2260 hoo
1202 2198 1269 2260 loco

154 2301 314 2380 expressis
333 2303 438 2363 verbis
460 2301 574 2363 dictum
596 2321 666 2363 esse
688 2300 768 2378 volo,
791 2321 886 2362 unum
908 2304 1049 2363 nostrum
1069 2304 1215 2384 hymnum
1230 2306 1268 2365 ab

152 2404 282 2466 Hesiodi
302 2426 416 2486 genere
438 2406 561 2468 dicendi
582 2425 710 2486 prorsus
731 2406 884 2484 recedere,
907 2409 1026 2468 ceteros
1046 2427 1121 2469 vero
1137 2409 1268 2489 hymnos

155 2510 195 2569 ad
222 2511 253 2570 id
273 2511 373 2590 magis
395 2511 534 2572 minusve
557 2511 684 2591 propius
705 2511 859 2572 accedere.

240 2613 413 2692 Venimus4
435 2617 533 2696 igitur
560 2635 641 2677 nuno
672 2616 711 2676 ad
737 2615 871 2695 priorem
892 2615 983 2675 huius
1007 2615 1116 2695 capitis
1139 2620 1269 2697 partem,

151 2736 230 2799 quae
253 2721 302 2779 est
325 2719 363 2780 de
385 2721 491 2801 hymni
513 2739 547 2780 re
568 2720 703 2781 metrica.

222 2954 249 3021 1)
267 2953 287 3007 l.
305 2953 324 3007 l.
342 2953 392 3018 ΠΒ,
412 2955 425 3008 1
444 2971 490 3024 pg.
504 2956 556 3010 222
574 2957 602 3008 et
620 2953 736 3022 saepius.

223 3055 249 3124 2)
265 3055 405 3110 Windisoh
424 3055 456 3109 de
473 3056 566 3123 hymn.
582 3057 692 3110 Homer.
710 3056 803 3110 maior.
824 3057 896 3125 Lips.
918 3058 994 3121 1867,
1014 3073 1079 3126 pgg.
1092 3059 1134 3112 41.
1153 3059 1196 3114 55.

220 3159 248 3228 3)
266 3145 405 3214 Koehuius
429 3158 605 3225 Quaestiones
627 3159 731 3215 metria.
749 3163 778 3214 et
794 3177 907 3230 gramm.
932 3159 964 3215 dc
987 3161 1078 3230 hymn.
1104 3161 1184 3215 Hom.
1202 3162 1265 3216 Hal.
1377 3218 1389 3229 ,

150 3247 234 3310 1865;
251 3245 409 3299 Fietkarius
430 3246 482 3310 ,De
500 3247 648 3301 carminum
667 3246 863 3302 Hesiodeorum
881 3251 962 3316 atque
979 3247 1139 3315 hymnorum
1152 3251 1266 3317 quatuor

149 3347 312 3400 magnorum
330 3332 467 3387 vocabulis
484 3349 538 3387 non
557 3333 725 3400 Homericis‚‘
743 3335 914 3404 Regiomont.
930 3334 976 3388 Pr.
990 3336 1066 3390 1866.

216 3436 244 3505 4)
263 3434 453 3490 adnotandum
479 3439 537 3501 est,
575 3438 599 3492 si
622 3437 751 3507 exemplis
771 3454 802 3492 er
820 3436 932 3492 Homeri
951 3437 1114 3491 carminibus
1140 3437 1265 3505 petendis

149 3537 258 3589 egeam,
277 3522 343 3576 haec
361 3538 377 3576 a
393 3535 470 3578 mec
486 3523 573 3592 primo
585 3524 681 3578 Iliadis
699 3524 768 3578 libro
780 3525 939 3593 plerumque
952 3526 1061 3593 sumpta
1075 3524 1147 3588 esse,
1167 3525 1265 3594 quippe

149 3609 248 3678 inquo
272 3608 385 3663 minima
409 3612 620 3679 corruptelarum
637 3611 755 3680 vestigia
773 3614 876 3666 exstare
899 3612 1070 3666 notissimum
1089 3611 1132 3665 sit.
1175 3611 1264 3681 Atque

150 3694 200 3748 hoo
217 3696 275 3751 loco
288 3696 547 3751 commemorandum
568 3700 623 3762 est,
642 3715 685 3752 me
703 3697 732 3752 in
751 3697 934 3752 examinandis
953 3698 1047 3767 hymni
1065 3701 1093 3753 et
1106 3715 1135 3753 re
1152 3699 1265 3752 metrica

151 3783 180 3834 et
197 3781 312 3837 dictione
332 3784 425 3838 eadem
443 3783 549 3838 ratione
568 3785 624 3840 sive
643 3778 770 3840 methodo
789 3801 847 3840 esse
865 3801 953 3849 usum,
974 3782 1264 3854 quamadhibetGaor-

149 3868 212 3937 gius
230 3867 348 3935 Curtius,
374 3871 416 3924 uir
441 3869 612 3926 doctissimus
638 3871 865 3941 clarissimusque,
883 3872 913 3925 in
932 3871 1030 3926 scholis
1049 3871 1082 3926 de
1101 3871 1263 3935 carminibus

148 3955 260 4010 Homeri
284 3954 400 4021 habitis,
426 3972 493 4027 quas
516 3957 545 4011 in
570 3956 620 4012 hoc
643 3958 735 4013 libello
754 3957 944 4013 conscribendo
963 3957 1120 4027 saepissime
1138 3958 1167 4012 in
1185 3975 1264 4012 usum

148 4043 265 4111 sumpsi,
286 4042 457 4111 potissimum
477 4044 506 4097 in
525 4047 659 4113 seperta,
683 4061 750 4114 quae
770 4048 811 4100 est
830 4045 862 4100 de
881 4061 909 4099 re
932 4045 1043 4100 metrica
1061 4046 1155 4113 hymni
1174 4047 1202 4100 et
1221 4045 1262 4099 di-

149 4128 244 4184 ctione.
266 4128 374 4184 Etenim
394 4130 418 4184 si
436 4131 496 4200 quis
516 4133 618 4187 certum
636 4131 669 4186 de
687 4147 716 4185 re
729 4131 841 4186 metrica
853 4130 1011 4200 dicendique
1023 4148 1122 4201 genere
1134 4131 1263 4184 indicium

149 4214 296 4268 carminum
323 4214 485 4272 Graecorum
509 4218 644 4287 epicorum
666 4235 697 4273 ac
717 4219 832 4273 maxime
851 4235 954 4284 eornm,
981 4220 1027 4288 qui
1043 4219 1186 4274 Homerica
1203 4233 1262 4271 esse

150 4301 231 4353 antea
248 4303 422 4369 putabantur,
442 4304 511 4359 ferre
528 4305 596 4369 vult,
616 4323 677 4360 eum
696 4322 751 4360 una
768 4321 800 4359 ac
818 4305 969 4361 certissima
986 4307 1082 4375 regula
1099 4303 1262 4360 carminibus

147 4386 301 4442 Homericis
318 4388 385 4456 ipsis
404 4390 446 4447 uti
462 4408 570 4448 necasse
590 4394 640 4448 est.
