2828 4814
591 307 811 384 :ea-.-

152 497 236 553 mus,
276 476 432 538 Anchisen
461 495 480 537 a
508 476 630 537 Venere
653 477 785 556 petitum
812 479 914 537 aetate
948 477 1128 559 provectum
1153 477 1263 553 fuisse,

153 583 224 662 quia
238 580 333 641 filiam
354 581 504 642 Alcathco
523 581 583 640 iam
603 581 635 640 in
648 581 889 642 matrimonium1
911 581 1055 656 dedisset,
1072 581 1154 660 apud
1167 600 1265 661 quam

152 685 290 745 Aeneam
313 687 476 745 educatum
502 704 571 744 eesc
597 683 750 744 Homerus
779 683 915 744 narrat2.
959 682 1068 765 Neque
1094 682 1264 745 Acusilaus

47 828 53 838 ·
151 789 230 849 hanc
267 809 332 849 rem
368 789 508 868 ignorat,
549 808 642 869 quum
682 789 772 863 dicit,
819 788 973 849 Venerem
1007 786 1162 848 Anchisae
1201 780 1265 872 ἤδη

151 883 380 975 παρηκμακότι
409 911 477 953 sese
506 891 636 951 dedisse.
682 889 782 960 Quam
809 890 941 952 Veneris
969 891 1169 970 cupiditatem
1198 912 1265 953 non

150 996 326 1075 intelligere
341 1015 515 1076 possumne,
538 995 598 1056 nisi
614 996 713 1055 animo
728 998 868 1055 tenemus
884 1013 929 1069 ea,
950 1012 1030 1075 quae
1044 995 1150 1074 populi
1164 994 1266 1057 Asiae

150 1100 274 1160 minoris
297 1100 335 1160 de
361 1101 497 1179 ipsorum
518 1098 692 1178 principum
711 1098 829 1177 origine
852 1097 1062 1158 iudicaverint.
1105 1096 1149 1159 At
1172 1119 1211 1159 ne
1235 1101 1265 1162 ie

150 1204 280 1284 quidem,
304 1204 356 1284 qni
370 1203 517 1284 hymnum
539 1203 718 1283 composuit,
743 1202 832 1285 illam
844 1201 972 1262 Veneris
988 1202 1162 1281 cupidinem
1177 1207 1263 1265 recte

149 1307 316 1383 intellexit,
345 1308 416 1388 quia
442 1306 549 1368 Iovem
574 1307 676 1387 ipsum
702 1306 778 1365 deae
812 1306 896 1366 cordi
928 1323 1062 1366 amorem
1091 1305 1263 1368 instillasse

148 1412 217 1471 vult
227 1409 247 1484 ⁸,
268 1430 450 1492 quamquam
471 1411 578 1472 Iovem
600 1409 777 1490 ceteroquin
806 1429 856 1469 ree
878 1411 1041 1470 amatoriae
1064 1410 1132 1470 aliis
1156 1412 1209 1472 obt
1251 1447 1263 1456 -

149 1516 227 1575 sisse
260 1516 341 1595 apud
363 1512 551 1577 Graecorum
582 1515 746 1593 scriptores
776 1514 891 1575 frustra
921 1514 1050 1594 qnaeris.
1104 1514 1212 1584 Quare
1237 1516 1265 1577 ei

149 1620 283 1680 fabulam
310 1621 447 1680 nostram
468 1618 668 1678 Troianorum
690 1636 760 1677 esec
782 1621 937 1692 tenemus,
967 1617 1039 1677 illae
1062 1616 1264 1680 difficultates

150 1726 181 1783 ct
205 1722 243 1782 de
265 1722 397 1782 Veneris
418 1722 562 1796 moribus,
583 1739 661 1802 quae
683 1720 735 1780 vel
757 1720 890 1780 maxima
911 1720 978 1794 fuit,
999 1722 1031 1780 ct
1053 1721 1091 1780 de
1110 1720 1188 1782 Iove
1211 1743 1265 1782 ree

151 1824 314 1884 amatoriae
336 1828 463 1885 curante
485 1824 620 1884 emedio
645 1824 784 1884 sublatae
806 1825 886 1883 eunt.
929 1821 977 1883 Ac
991 1824 1121 1883 multum
1143 1825 1267 1886 confert

152 1929 192 1989 ad
215 1929 364 2008 originem
393 1928 515 1989 fabulae
545 1936 669 1988 nostrae
691 1929 817 1989 troicam
847 1928 1051 2008 phrygiamve
1081 1927 1266 1990 confirman-

151 2033 229 2106 dam,
254 2033 335 2113 qucd
355 2031 432 2094 Otfr.
454 2031 650 2093 Muellerus*
671 2032 816 2107 adnotat,
839 2051 932 2111 quum
954 2031 1041 2106 dicit,
1074 2031 1105 2091 in
1126 2033 1267 2114 antiquis

149 2137 199 2197 vel
224 2137 353 2215 picturis
376 2136 427 2196 vel
449 2136 559 2196 statuis
583 2135 738 2196 Anchisen
760 2140 792 2196 ct
813 2132 951 2194 Aeneam
973 2134 1055 2194 soloe
1083 2135 1165 2195 inter
1187 2135 1265 2197 Tro-

148 2241 236 2300 ianos
257 2247 347 2300 veste
362 2240 496 2320 phrygia
509 2240 633 2300 indutos
656 2238 795 2300 inveniri.
1018 2310 1029 2327 ⁸

238 2340 301 2404 Sed
308 2346 397 2422 putet
409 2344 541 2403 fortasse
552 2343 702 2423 quispiam
711 2363 760 2402 me
779 2343 811 2403 in
822 2362 971 2404 summum
989 2363 1124 2405 errorem
1133 2364 1205 2407 esee
1217 2347 1264 2408 in-

150 2448 283 2522 ductum,
293 2447 595 2528 quodignoraverim,
603 2445 737 2506 fierinon
743 2447 930 2525 potuissent
939 2446 1112 2509 Troiaurbc
1120 2449 1265 2514 funditus

149 2571 259 2613 eversa
270 2550 472 2613 Troianorum
482 2551 605 2612 fabulae
622 2553 820 2611 servarentur
837 2571 935 2634 usque
951 2552 1036 2612 adid
1053 2554 1264 2638 tempusque

148 2657 281 2736 hymnus
292 2661 398 2715 noster
408 2656 457 2714 eet
469 2655 662 2733 compositus,
673 2655 706 2714 id
716 2657 766 2714 eet
777 2691 820 2700 —
831 2655 972 2737 quisnam
982 2657 1122 2719 dubitare
1133 2662 1264 2739 potest?

148 2793 192 2802 -
206 2759 361 2818 nonnullis
383 2757 514 2818 saeculis
536 2760 615 2836 poet.
661 2756 766 2826 Quare
787 2760 892 2838 populi
914 2761 1002 2821 troici
1020 2748 1168 2843 reliquiae
1189 2768 1265 2845 poet

149 2860 272 2923 Troiam
294 2863 427 2924 dirutam
443 2861 515 2943 quid
531 2863 615 2941 paesi
631 2863 700 2937 sint,
723 2863 830 2942 paucis
853 2883 934 2925 nunc
949 2865 1173 2928 demonstrabo.
1218 2869 1263 2931 At

147 2966 180 3026 in
193 2966 241 3026 his
257 2968 349 3026 rebus
365 2967 545 3048 enarrandis
561 2967 598 3025 dc
619 2965 657 3026 iis
673 2965 873 3053 Troianorum
887 2969 1035 3048 pertibus,
1058 2989 1135 3050 quae
1151 2971 1262 3033 Asiam

147 3070 338 3150 reliquerunt
359 3088 394 3130 ac
409 3071 552 3151 quopiam
571 3089 605 3130 ee
620 3071 823 3148 contulerunt,
846 3073 966 3133 omnino
989 3092 1051 3133 non
1071 3073 1179 3150 dicam,
1204 3078 1262 3138 sed

149 3174 188 3233 de
210 3174 263 3249 iis,
287 3175 418 3255 quaein
443 3173 517 3234 Asia
538 3175 655 3235 minore
677 3179 897 3237 remanserunt.
943 3175 1046 3245 Quum
1067 3196 1141 3239 vero
1162 3177 1260 3240 Klan-

150 3269 254 3338 senius
278 3279 316 3338 de
338 3279 395 3339 hac
414 3298 448 3339 re
469 3279 569 3339 fusius
590 3299 625 3340 ao
646 3281 724 3340 bene
746 3280 950 3360 disputaverit
961 3279 982 3356 ⁵,
1006 3282 1082 3342 setis
1097 3282 1195 3343 habeo
1212 3303 1260 3362 ea,

72 3466 74 3472 Ι
150 3400 229 3463 qnae
249 3382 301 3442 illc
321 3382 439 3459 docuit,
466 3384 541 3444 locis
562 3384 702 3444 veterum
726 3385 907 3463 scriptorum
929 3384 1085 3469 illustrate
1111 3387 1261 3465 proferre.

237 3482 348 3546 Gentis
384 3486 549 3548 dardaniae
584 3485 713 3548 nomen6
747 3490 818 3566 poet
849 3485 970 3547 Troiam
1003 3507 1143 3550 eversam
1174 3493 1260 3570 apud

147 3591 271 3650 veteres
281 3589 447 3668 scriptores
460 3610 677 3670 saepenumero
689 3591 722 3652 in
728 3590 806 3652 Asia
817 3596 1077 3669 commemoratur,
1092 3593 1258 3676 dequibus

150 3695 388 3703 ’.ψ-ψ..

217 3739 244 3808 1)
261 3738 341 3793 Iliad.
354 3756 379 3803 ν,
389 3739 450 3796 428.

218 3825 245 3891 2)
263 3824 343 3880 Iliad.
356 3845 380 3890 ν,
389 3826 538 3882 465-466.

217 3912 244 3977 3)
262 3911 287 3963 h.
296 3928 321 3965 r.
334 3913 369 3966 45
378 3927 438 3981 sqq.

217 3998 245 4064 4)
265 3995 441 4068 Archacolog.
457 3998 483 4053 d.
498 3997 589 4053 Kunet
602 4005 617 4064 ξ
629 4001 690 4054 415.
706 4016 729 4054 c.
745 3999 806 4055 adn.

217 4084 244 4149 5)
263 4081 313 4136 l.l.
330 4083 520 4154 1,pg.41—-49
531 4084 645 4154 saepius.

218 4168 245 4236 6)
264 4170 296 4223 Κ.
316 4168 348 4222 Ο.
366 4170 477 4235 Miiller,
503 4171 677 4240 Explicantur
699 4188 795 4226 causae
818 4173 926 4229 fabulae
952 4176 985 4230 dc
1002 4178 1108 4232 Aeneae
1124 4176 1154 4231 in
1171 4178 1260 4237 Italia

147 4251 264 4308 adventu
282 4285 316 4294 -
344 4255 475 4311 Classical
493 4259 602 4312 Ioumal
618 4259 669 4313 vol.
688 4259 776 4313 XXVI
794 4277 840 4328 pg.
860 4261 925 4330 3083
949 4262 1041 4318 Idem
1058 4263 1187 4320 DorierI
1208 4285 1257 4340 pg.

146 4339 212 4405 2203
230 4342 356 4397 Dnncker
368 4342 527 4398 Geechichte
544 4344 591 4399 des
602 4345 772 4401 Alterthume
786 4347 829 4400 ΙΠ
842 4363 888 4416 pg.
902 4349 953 4402 150
965 4365 1027 4420 eqq;
1046 4351 1175 4407 Manncrt
1184 4352 1258 4412 Geo-

146 4426 257 4494 graphic
277 4428 325 4483 der
343 4428 474 4484 Griechen
492 4430 547 4484 und
564 4431 663 4486 Rtmer
674 4432 721 4498 VI,
735 4435 759 4488 3.
772 4450 836 4501 pgg.
849 4435 901 4490 458
917 4438 945 4489 et
962 4438 1022 4492 520.
