2828 4814
595 315 814 373 ..53-

149 496 227 558 nihil
242 498 320 558 certi
336 499 423 560 nobis
444 500 593 561 traditum
611 501 668 558 est.
709 497 788 558 Puto
804 500 907 559 autem
921 517 960 559 ex
975 499 1075 560 tribus
1089 500 1160 575 illis,
1185 521 1261 581 quas

148 601 249 677 attuli,
272 602 383 664 fabulis
404 603 467 663 iam
487 602 564 664 satis
585 602 739 662 firmatum
762 621 846 678 esse,
868 604 998 682 populos
1021 600 1116 663 Asiae
1138 603 1263 666 minoris

149 705 366 766 celeberrimos
382 726 491 785 regum
507 706 635 786 stirpem
649 706 776 766 duxisse
792 725 810 767 a
825 706 902 781 viro,
922 706 971 766 cui
987 726 1136 767 summum
1151 727 1263 768 numen

150 809 284 869 maxime
307 810 436 871 faveret.
896 883 900 895 ‚

236 911 307 974 Non
329 933 471 993 possum,
496 914 569 995 quin
588 914 645 975 hoc
667 915 734 974 loco
756 913 863 992 paucis
884 914 987 975 verbis
1009 915 1167 993 attingam,
1191 916 1264 995 quid

149 1017 256 1078 fabula
270 1017 377 1098 hymni
390 1019 448 1079 sibi
470 1019 554 1078 velit.
598 1017 722 1081 Etenim
736 1015 961 1079 Schwartnius¹
977 1019 1089 1094 docuit,
1111 1018 1264 1079 Venerem

150 1120 184 1181 in
203 1121 305 1201 lepida
330 1121 384 1181 illa
406 1121 635 1183 narratiuncula
661 1122 699 1182 de
721 1120 831 1181 Martis
859 1125 891 1182 et
911 1121 1044 1183 Veneris
1071 1123 1265 1202 congressn²

149 1223 227 1285 nihil
249 1225 418 1287 aliudesse
439 1226 500 1287 nisi
516 1225 611 1286 solem
631 1225 763 1286 nubibus
779 1225 883 1285 densis
900 1227 1103 1302 obscuratum,
1123 1227 1264 1307 idemque

152 1347 208 1388 suo
236 1328 303 1388 iure
334 1328 530 1402 contendit‚³
563 1330 705 1389 naturam
733 1327 865 1389 Veneris
895 1335 930 1389 ut
965 1330 1041 1389 deae
1070 1330 1144 1389 solis
1176 1331 1265 1390 verni

152 1431 338 1510 deprehendi
358 1433 390 1492 in
411 1433 449 1492 iis
467 1432 558 1507 locis,
586 1432 638 1492 ubi
660 1421 874 1516 φιλομμειδής
897 1432 1009 1493 dicitur
1030 1433 1083 1494 vel
1102 1434 1155 1494 ubi
1176 1453 1263 1494 mun-

151 1535 236 1596 ditiis
257 1536 481 1616 monilibusque
505 1538 537 1596 et
560 1536 628 1597 aliis
644 1536 830 1607 ornamentis
847 1536 948 1596 aureis
972 1539 1149 1602 exornatur.
1193 1538 1264 1598 Non

150 1639 247 1700 multo
271 1641 359 1700 abest
382 1641 420 1700 ab
441 1639 498 1700 hac
517 1639 658 1718 opinione
682 1636 841 1714 Sonnius4,
865 1641 916 1720 qui
937 1639 1092 1700 Venerem
1111 1643 1142 1700 et
1164 1639 1263 1703 Auro-

149 1761 218 1804 ram
237 1778 282 1787 -
310 1743 342 1804 id
364 1745 413 1804 est
444 1743 540 1819 solem
569 1744 753 1803 matutinum
776 1779 816 1786 -
841 1744 982 1823 primitus
1013 1744 1138 1804 easdem
1167 1745 1264 1807 fuisse

150 1846 291 1908 affirmat.
336 1846 432 1908 Immo
453 1848 503 1909 vir
525 1847 720 1909 doctissimus
750 1847 790 1906 ad
819 1851 956 1907 nostram
977 1848 1150 1926 opinionem
1170 1868 1264 1929 supra

150 1951 249 2012 tusius
278 1951 431 2030 prolatam
449 1951 595 2024 accessit,
625 1968 718 2030 quum
740 1948 814 2010 ait⁵:
844 1949 1009 2027 „Nehmen
1036 1952 1092 2012 wir
1122 1951 1187 2012 also
1217 1972 1264 2029 an,

152 2051 324 2132 Aphrodite
355 2055 400 2114 sei
421 2053 640 2134 urspriinglieh
661 2052 710 2112 die
730 2052 794 2112 Eos
818 2072 971 2133 gewesen‚
996 2072 1030 2114 so
1052 2054 1149 2115 bleibt
1173 2073 1264 2114 anzu-

153 2155 324 2233 crkennen,
352 2157 425 2218 dass
455 2157 539 2217 diese
572 2156 637 2216 ihre
659 2154 862 2234 Eigenschaft
884 2157 981 2217 durch
1002 2156 1265 2236 Verschmelzung

152 2259 208 2321 mit
234 2261 291 2322 der
317 2261 478 2342 syrisehen
499 2259 795 2322 Aschera-Astarte
825 2262 1006 2322 wesentlich
1028 2261 1266 2342 beeintra'chligt

77 2388 80 2393 ·
152 2365 278 2427 worden
293 2365 366 2426 sei.“
395 2364 437 2425 Ht
452 2384 542 2445 porro
558 2384 609 2444 pg.
626 2367 708 2426 417:
724 2363 772 2425 Im
787 2364 930 2446 Hymnus
947 2366 1098 2445 (intellige
1113 2368 1265 2445 nostrum)

153 2468 223 2529 sind
248 2468 437 2549 phrygisehe
468 2468 554 2548 Z‘uge
591 2468 795 2546 eingemischt
824 2469 887 2529 und
915 2468 964 2528 ihr
992 2467 1046 2545 (sc.
1076 2467 1205 2544 Veneri)
1235 2489 1264 2530 ιι.

154 2571 257 2632 21811.
279 2573 328 2633 die
348 2570 666 2650 Eos-Tithonossage
685 2572 717 2631 in
742 2573 802 2631 den
822 2570 919 2632 Hund
939 2572 1059 2651 gelegt‚
1087 2572 1204 2632 welche
1233 2573 1265 2633 in

153 2676 209 2737 der
236 2675 440 2754 Verbindung
470 2675 623 2736 zwischen
652 2676 707 2735 der
737 2673 845 2737 (rotun
880 2676 945 2736 und
975 2675 1043 2735 dem
1073 2673 1265 2737 sterblichen

152 2783 232 2843 eben
245 2800 305 2841 nur
320 2781 370 2842 ein
386 2777 584 2840 Seitcnst'uclr
599 2800 638 2841 zu
653 2781 708 2841 der
726 2781 880 2841 zwischen
894 2778 1047 2840 Anchises
1069 2780 1131 2839 und
1146 2778 1265 2860 Aphro-

154 2885 217 2945 dite
245 2885 370 2946 bildet.“
414 2883 573 2947 Hactenus
604 2885 666 2944 ille.
709 2882 752 2944 Et
781 2887 883 2944 manet
912 2882 1012 2943 adhuc
1040 2882 1208 2961 vestigium
1234 2885 1266 2944 in

154 2988 260 3069 hymni
273 2989 371 3069 ipsius
386 3008 416 3049 r.
432 2991 483 3064 89,
504 2989 557 3049 ubi
573 2991 751 3049 ornamenta
765 2986 897 3048 Veneris
913 3007 983 3048 cum
998 2987 1159 3066 splendore
1174 2978 1267 3049 lunae

155 3091 199 3170 (id
221 3096 270 3153 est
290 3112 331 3154 ex
354 3092 496 3172 opinione
518 3093 659 3152 veterum
675 3091 749 3153 solis
769 3089 935 3166 nocturni⁶,
959 3091 986 3151 si
1006 3091 1050 3151 ita
1065 3090 1166 3151 dicere
1181 3090 1266 3169 licet)

155 3201 378 3276 comparantur.
429 3195 580 3276 Equidem
616 3196 722 3279 paucis
759 3196 912 3276 proferam
944 3195 1129 3256 sententiam
1159 3212 1266 3270 meam,

228 3414 256 3482 1)
274 3414 330 3468 Der
346 3414 489 3485 Ursprung
507 3415 554 3470 der
571 3414 748 3485 Mythologie,
767 3430 791 3468 a.
811 3415 880 3470 1860
898 3429 943 3483 pg.
964 3412 1023 3468 152.

226 3501 254 3570 2)
273 3497 369 3568 Odyss.
382 3507 411 3565 6,
424 3504 484 3567 267,
497 3518 556 3571 sqq.
574 3502 633 3555 Hoc
652 3500 710 3554 loco
727 3499 859 3568 ἄσβεστος
877 3503 963 3568 γέλως
974 3500 1017 3552 est
1027 3498 1140 3553 tonitru.
1158 3498 1266 3554 Addere

156 3585 247 3656 potuit
264 3585 443 3641 Schwartzius
461 3587 608 3657 vestigium
628 3586 742 3655 originis
759 3584 869 3640 fabulae
886 3586 990 3640 exstare
1008 3584 1037 3638 in
1055 3600 1096 3649 eo,
1115 3584 1186 3653 quod
1204 3602 1267 3640 con-

156 3689 266 3740 gressus
285 3673 397 3728 nuntius
414 3677 457 3729 est
474 3674 524 3728 sol.

226 3760 254 3830 3)
271 3759 370 3825 Some,
386 3760 470 3815 Mond
486 3776 512 3814 u.
533 3760 638 3825 Sterne,
657 3761 734 3825 1864,
753 3776 791 3829 pg
803 3758 863 3814 207.
876 3773 935 3828 sqq.

226 3847 255 3915 4)
272 3847 460 3915 ,Dacharite‘
476 3846 506 3900 in
517 3846 620 3901 Kuhnii
636 3844 792 3902 zeitschrift
808 3844 851 3899 fiir
869 3845 953 3914 vergl.
967 3843 1214 3915 Sprachforschung
1232 3845 1265 3899 X.

157 3933 248 4004 (1861)
265 3951 310 4004 pg.
323 3934 461 3998 96—136;
479 3934 627 3990 401-427.

227 4020 256 4090 6)
273 4036 318 4089 pg.
336 4021 397 4076 418.

228 4106 257 4176 6)
276 4107 317 4160 De
337 4105 403 4161 solis
420 4108 449 4162 et
471 4105 553 4161 lunae
570 4106 756 4163 coniunctione
775 4105 837 4162 ride
853 4103 967 4161 Hesiodi
984 4103 1075 4175 theog.
1095 4123 1119 4161 v.
1139 4105 1189 4160 371
1207 4119 1266 4174 sqq.

157 4193 251 4262 hymn.
273 4194 303 4247 in
318 4192 409 4248 Solem
426 4192 553 4248 homerio.
573 4211 599 4248 v.
617 4197 715 4264 4sqq;
733 4193 824 4249 Ovidii
840 4192 1016 4262 Metamorph.
1041 4191 1083 4256 Il,
1101 4208 1126 4247 v.
1147 4194 1199 4248 208
1216 4208 1266 4260 sq„

158 4278 238 4334 alios.
253 4279 339 4336 Plura
353 4279 434 4335 affert
444 4279 622 4343 schwartzius
641 4282 671 4335 in
682 4280 754 4337 libro
772 4280 827 4335 iam
843 4278 966 4334 laudato:
979 4279 1092 4344 ,Sonne
1110 4277 1194 4332 Mond
1211 4276 1267 4332 und

159 4365 264 4420 Sterne‘
285 4382 331 4435 pg.
349 4368 400 4424 159
418 4383 478 4436 sqq.
