2828 4814
606 373 822 431 ..71-

153 541 186 621 in
207 559 314 641 hymni
342 581 372 620 v.
395 563 437 620 20
459 559 611 619 iustorum
636 560 773 620 uirorum
800 561 907 620 urbem
929 562 1034 621 tuetur
1055 581 1111 621 nos
1135 558 1267 623 offendit.

155 664 247 736 Quod
276 662 398 744 quidem
416 662 626 723 Klausenius¹
657 671 740 724 recte
763 665 924 743 explanat,
955 685 1048 745 quum
1070 665 1158 741 dicit,
1189 667 1267 727 hanc

82 784 98 806 ·
154 768 285 829 Dianam
303 786 374 827 esse
397 767 538 842 troicam,
570 786 648 848 quae
671 768 730 830 etsi
750 768 916 828 multorum
937 769 1044 829 matris
1067 768 1180 830 Idaeae
1201 791 1267 830 mu-

153 873 239 933 nium
257 871 306 931 nti
326 871 501 931 venationis
523 874 555 931 et
577 871 746 932 bestiarum
768 872 884 932 tutelae
907 872 948 932 sit
969 873 1141 952 particeps,
1162 877 1266 935 tamen

152 994 215 1034 non
238 973 367 1035 eandem
400 993 470 1034 esse
492 977 585 1055 etque
606 975 708 1049 illam,
739 975 793 1036 sed
819 976 921 1055 potius
952 976 1039 1056 quasi
1066 975 1159 1037 filiam
1182 977 1264 1038 illius
1320 1048 1322 1052 7

152 1097 224 1138 esse
245 1078 431 1153 habendam,
461 1079 574 1158 quippe
595 1078 627 1138 in
655 1097 748 1158 quam
769 1079 884 1139 multae
906 1079 989 1139 illius
1010 1081 1143 1140 virtutes
1166 1080 1265 1140 trans-

153 1182 236 1243 latae
259 1181 329 1242 sint.
374 1179 424 1242 Sic
447 1197 574 1262 iquoque
596 1180 696 1242 Diana
720 1184 827 1242 urbem
848 1183 1000 1243 iustorum
1028 1184 1164 1243 virorum
1185 1185 1267 1245 tueri

88 1290 95 1305 '
155 1285 267 1347 dicitur
288 1321 331 1330 -
354 1305 446 1366 quam
468 1285 598 1345 tutelam
620 1286 704 1346 urbis
727 1286 779 1346 vel
801 1287 936 1364 regionis
957 1287 1009 1346 vel
1031 1288 1163 1348 fluminis
1184 1289 1265 1349 inter

152 1389 259 1450 matris
282 1389 395 1450 Idaeae
417 1389 470 1449 uel
486 1387 618 1469 Cybeles
640 1389 744 1449 munia
765 1409 835 1449 esse
850 1388 1047 1450 habendam2
1067 1410 1155 1451 nemo
1178 1392 1264 1471 igno-

152 1494 248 1569 rabit,
269 1494 322 1574 qui
344 1493 456 1571 legerit
479 1492 612 1570 Vergilii
635 1490 828 1568 Aeneidemss,
851 1491 1010 1572 Sophoclis
1033 1494 1234 1555 Philoctetam
1243 1495 1263 1570 ⁴,

154 1597 348 1677 potissimum
363 1596 466 1657 Ovidii
486 1595 624 1658 Fastos⁵
647 1632 688 1639 -
713 1597 766 1657 ubi
788 1599 864 1657 sunt.
876 1597 971 1657 haece
992 1598 1104 1658 rerba:

172 1733 175 1736 >
287 1699 331 1761 At
353 1721 408 1762 cur
428 1701 540 1762 turrita
562 1703 655 1780 caput
670 1704 719 1761 cst
735 1704 843 1761 ornata
866 1720 985 1775 corona,

284 1803 334 1865 An
348 1805 493 1884 Phrygiis
509 1807 610 1864 turres
627 1804 753 1864 urbibus
768 1805 821 1864 illa
845 1805 952 1864 dedit?
969 1840 1010 1848 —
1027 1806 1112 1866 alios.

153 1908 260 1978 Quare
276 1909 391 1990 Cybele
406 1910 489 1970 dicta
507 1916 555 1969 est
579 1909 691 1968 turrita
705 1908 757 1968 vel
772 1909 926 1987 turrigera
937 1907 957 1968 ⁶.

240 2011 386 2093 Sequitur
406 2013 477 2073 dein
500 2013 553 2072 illa
576 2012 613 2071 de
635 2011 735 2072 Vesta
757 2012 906 2086 narratio,
929 2030 1007 2093 quae
1035 2031 1053 2072 a
1075 2010 1264 2073 Graecorum

150 2118 189 2178 de
204 2116 262 2177 diis
279 2116 470 2195 opinionibus
485 2116 578 2177 valde
594 2116 744 2176 abhorret.
790 2115 860 2186 Qua
881 2117 912 2175 in
931 2135 964 2175 re
978 2115 1164 2176 Klausenius
1179 2119 1263 2177 recte

149 2218 285 2294 monet⁷,
308 2219 438 2281 Vestam
464 2221 495 2280 in
516 2217 696 2279 Aeneadum
717 2219 844 2279 urbibus
867 2219 981 2280 cultam
1003 2239 1072 2279 esse
1096 2221 1264 2281 secundum

149 2324 227 2385 illud
264 2344 377 2384 numen
404 2323 533 2385 ldaeum
570 2325 626 2385 sub
663 2325 750 2403 signo
779 2321 917 2403 lapidis8
943 2359 986 2367 —
1015 2343 1105 2405 quem
1130 2324 1263 2404 lapidem

150 2429 281 2489 eundem
305 2447 376 2488 esse
402 2447 585 2508 persuasum
608 2428 706 2488 habeo
737 2432 829 2509 atque
859 2428 945 2487 illum
974 2446 992 2487 a
1019 2424 1179 2501 Saturnio,
1211 2429 1263 2509 qui

151 2532 228 2592 deus
252 2534 301 2592 est
322 2532 428 2592 mundi
451 2535 552 2593 status
575 2551 636 2592 non
658 2532 718 2617 iam
741 2532 833 2591 certis
854 2530 1037 2611 quibusdam
1058 2531 1181 2608 legibus
1205 2532 1262 2591 oir-

152 2635 337 2715 cumscripti,
365 2635 536 2696 deforatum
570 2655 707 2696 necnon
736 2637 876 2695 sanctum
906 2635 1026 2695 aedium
1057 2636 1171 2710 focum,
1202 2655 1261 2715 qno
1302 2704 1305 2713 Ι

150 2739 271 2799 condito
302 2739 369 2798 iura
400 2743 484 2800 certa
513 2759 583 2800 esse
620 2739 742 2800 condita
769 2740 846 2819 puta
854 2737 875 2798 ⁹.
927 2736 1149 2819 Sempiternam
1186 2759 1260 2800 vero

150 2842 302 2920 virginem
318 2863 351 2904 se
371 2862 441 2904 esse
464 2862 640 2904 mansuram
661 2843 820 2924 dea‘jtiurat,
841 2848 876 2903 ut
893 2843 1015 2919 indicet,
1038 2844 1138 2904 focum
1153 2843 1261 2906 domus

153 2963 273 3025 semper
288 2951 517 3008 sacrosanctum
533 2950 565 3007 et
577 2948 787 3027 incorruptum
801 2966 871 3007 esse
886 2964 1013 3007 necesse
1029 2966 1107 3007 esse.
1144 2946 1263 3009 Petitur

150 3067 224 3109 vero
246 3069 325 3110 uxor
339 3053 371 3112 in
392 3052 505 3132 hymno
526 3051 702 3131 aNeptuno
725 3053 757 3111 et
777 3048 929 3131 Apolline,
952 3051 984 3111 id
1005 3055 1054 3111 est
1078 3051 1176 3120 abiis
1193 3052 1260 3128 diis,

150 3153 301 3234 aquibus
330 3175 434 3217 muros
465 3175 534 3216 esse
562 3155 701 3216 conditos
725 3154 847 3215 Troiani
875 3155 1093 3233 gloriabantur.
1137 3152 1259 3215 Adver-
1365 3194 1371 3207 ·

149 3259 360 3320 saturantem
382 3259 496 3335 Vesta,
526 3260 626 3341 qualis
645 3260 677 3320 in
698 3260 811 3340 hymno
835 3259 1032 3334 describitur,
1056 3257 1169 3337 optimo
1192 3258 1259 3319 iure

149 3359 273 3434 Veneri,
292 3363 403 3442 quippe
422 3384 514 3444 quum
533 3364 702 3424 contrarias
720 3368 825 3443 partes
843 3366 923 3442 agat.
952 3360 995 3421 At
1016 3362 1042 3422 si
1058 3363 1257 3438 meminimus,

149 3482 300 3524 summum
316 3464 392 3524 illud
403 3487 515 3528 numen
527 3469 608 3547 apud
620 3468 761 3548 Phryges
772 3474 804 3527 et
818 3466 924 3546 Lydos
937 3466 1052 3525 cultum
1062 3467 1258 3545 purissimam

128 3567 325 3628 ‘castitatem
356 3571 532 3649 postulasse
564 3607 605 3615 —
636 3572 669 3631 id
705 3570 786 3652 quod
812 3566 911 3644 Galli,
943 3569 1076 3649 Cybeles
1105 3570 1257 3650 phrygiae

218 3730 245 3799 1)
262 3730 281 3783 l.
294 3729 313 3784 l.
332 3729 404 3799 ng.
419 3734 565 3788 173—174.

219 3815 247 3881 2)
266 3815 395 3871 Gerhard.
413 3817 527 3885 Mythol.
549 3819 628 3883 §140
640 3833 698 3887 sqq.

219 3903 247 3969 3)
265 3902 312 3965 VI,
325 3904 385 3958 784.
588 3911 591 3915 ’

215 4073 242 4140 s)
260 4028 307 4137 ri,
327 4026 473 4130 are-mo.

154 4163 159 4171 ’
216 4160 591 4231 6)Pre11e11.1.1pg.404.

216 4246 244 4317 7)
262 4247 282 4302 l.
294 4248 312 4301 l.
325 4248 339 4301 I
352 4264 397 4317 pg.
408 4250 459 4304 166
469 4264 528 4317 sqq.

217 4331 245 4401 8)
264 4332 368 4388 Preller
387 4334 406 4388 l.
418 4333 579 4402 l.1pg.404
599 4334 631 4388 de
649 4331 750 4401 lapide,
771 4332 886 4402 Cybeles
903 4334 990 4402 signo,
1011 4333 1085 4388 dicit.

216 4416 244 4487 9)
261 4417 366 4475 Preller
384 4420 402 4473 l.
412 4422 430 4475 l.
443 4421 459 4475 Ι
470 4438 516 4490 pg.
530 4421 582 4477 266
594 4436 652 4491 sqq.
