2828 4814
599 381 819 441 „21-

150 568 175 628 I.
197 570 298 629 autem
318 566 479 628 Bekkerus
503 566 569 644 (1.1.
592 585 643 646 pg.
661 568 735 640 148)
756 565 818 626 iam
836 566 921 626 recte
939 563 1026 627 affert
1041 585 1059 627 a
1072 587 1133 628 non
1147 568 1255 629 minori

150 672 293 733 versuum
315 690 440 733 numero
463 671 632 749 spondeum
653 669 759 751 quinta
782 669 855 730 sede
878 689 970 749 posse
993 672 1122 746 moveri,
1156 672 1181 732 si
1199 691 1254 751 pro

151 769 252 837 εἰδυῖα
283 794 359 836 voce
383 776 480 836 forma
510 776 590 835 bona
617 765 703 835 ἰδυῖα
726 773 894 848 scribatur,
926 776 998 834 ante
1020 793 1110 855 quam
1129 778 1256 855 propter

149 880 335 960 digammum
371 878 488 940 initiale
513 877 630 939 vocalis
662 877 819 958 proximae
842 878 928 939 vocis
958 877 1065 939 ultima
1096 879 1256 940 abiiciatur

150 1004 278 1046 necesse
305 986 452 1059 nonest,
483 1001 572 1062 porro
597 982 675 1043 siin
697 981 825 1042 vocibus
848 970 892 1057 εὖ,
915 981 1003 1057 παῖς,
1017 973 1255 1064 Ἀργειφόντης,
1356 1058 1361 1067 Ι

150 1078 377 1172 αἰνδρειῃόνυῃς
410 1086 592 1166 diphthongi
629 1086 661 1146 in
686 1086 762 1147 duas
793 1086 916 1147 vocales
950 1085 1166 1147 dissolvantur.
1218 1085 1256 1147 Iu

150 1193 264 1274 hymno
293 1194 397 1253 nostro
427 1193 554 1252 exstant
577 1195 616 1252 27
642 1210 752 1251 versus
777 1190 940 1270 spondaici.
984 1188 1031 1252 Ac
1053 1193 1144 1270 puto,
1175 1191 1256 1271 quod

152 1296 293 1357 Bekkerc
320 1297 352 1356 iu
383 1295 509 1356 Homeri
531 1293 716 1355 carminibus
738 1293 874 1370 licuerit,
908 1293 939 1354 id
963 1278 1050 1355 nobis
1082 1293 1113 1354 in
1142 1294 1255 1375 hymno

152 1391 381 1485 δμῃρικωεδτῃ
396 1398 555 1460 itentidem
578 1398 680 1459 licere.
707 1398 812 1469 Quare
835 1397 960 1459 coniioio
980 1398 1012 1458 in
1026 1397 1168 1459 versibus
1186 1403 1256 1459 117.

155 1509 226 1567 121.
256 1510 326 1567 129.
358 1508 429 1565 213.
454 1507 525 1564 262.
547 1502 672 1565 ultimae
693 1501 762 1564 roci
776 1489 1000 1585 Ἀργειφόντης
1014 1502 1147 1583 quinque
1163 1502 1257 1583 sylla-

152 1613 209 1672 bas
232 1629 302 1670 esse
324 1607 501 1669 tribuendas
523 1643 563 1651 -
580 1607 612 1668 id
629 1607 710 1689 quod
731 1606 877 1667 librorum
894 1605 1168 1685 manuscriptorum
1184 1606 1256 1667 scri-

149 1715 242 1793 ptura
252 1715 400 1793 perpetua
416 1711 447 1772 iu
459 1712 559 1773 medio
573 1711 764 1792 relinquitur.
786 1709 875 1773 Unde
889 1708 1029 1787 efficitur,
1051 1711 1087 1770 ut
1100 1709 1132 1770 hi
1147 1729 1257 1771 versus

150 1816 291 1878 desinant
313 1837 382 1878 esse
405 1815 570 1897 spondaici.
607 1813 715 1896 Aeque
737 1814 769 1874 in
788 1834 818 1874 v.
840 1817 882 1875 44
904 1815 977 1894 puto
1000 1834 1070 1875 esse
1093 1814 1258 1893 legendum

148 1915 242 1982 κεδνδ
266 1913 369 1983 ἰδυῖαν
394 1923 460 2001 (pro
481 1920 612 1997 vulgata
632 1918 764 1979 lectione
786 1905 863 1979 nrdv'
886 1910 1018 1994 εἰδυῖαν)
1040 1921 1073 1979 et
1095 1918 1126 1978 iu
1146 1939 1174 1978 v.
1195 1923 1257 1980 134

148 2022 241 2088 κεδνὰ
271 2017 355 2107 ἰδυίῃ
382 2027 449 2103 (pro
481 2022 611 2100 vulgata
631 2021 762 2082 lectione
781 2016 860 2081 uedv'
884 2011 1006 2102 εἰδυίῃ).
1051 2021 1137 2092 Quas
1161 2025 1258 2082 muta-

150 2130 251 2189 tiones
274 2146 401 2198 ¹vocum
436 2119 559 2187 εἰδυῖαν
591 2127 623 2186 et
647 2116 748 2207 εἰδυίῃ
781 2123 843 2185 iam
868 2123 1027 2204 proposuit
1056 2123 1256 2187 Hoffmannus

151 2231 183 2309 (l.
198 2231 218 2291 l.
240 2230 273 2291 Π
288 2250 339 2312 pg.
357 2229 440 2306 188),
461 2248 643 2312 quamquam
655 2227 747 2290 nimia
762 2227 907 2308 digammi
923 2226 1115 2290 affectatione
1127 2249 1256 2291 commo-

150 2336 201 2397 tus
230 2339 293 2412 est,
326 2337 362 2396 ut
389 2335 522 2396 mutaret
553 2333 636 2393 nulla
666 2332 727 2393 alia
757 2331 861 2393 addita
889 2350 983 2393 causa
1009 2332 1068 2393 nisi
1100 2333 1251 2412 digammi.

149 2442 273 2505 Etenim
300 2440 352 2502 ille
377 2475 421 2484 -—
449 2439 480 2500 id
510 2438 590 2520 quod
621 2438 699 2498 infra
729 2436 827 2498 fusius
850 2431 1001 2517 exponam
1021 2472 1065 2480 -
1086 2457 1192 2498 veram
1214 2440 1257 2499 di-

151 2547 263 2627 gammi
284 2547 434 2620 naturam,
455 2543 553 2625 qualis
573 2542 615 2603 sit
627 2542 708 2622 apud
722 2539 890 2602 Homerum
906 2559 942 2601 ac
957 2544 1066 2620 poetas
1082 2541 1259 2618 homericos,

153 2669 303 2732 quamque
324 2648 470 2728 primus1‚
494 2647 593 2728 quoad
617 2646 688 2721 scio,
711 2643 770 2725 Gg.
795 2645 919 2709 Curtius
942 2645 1045 2706 docuit
1069 2643 1260 2723 (1161111111-

159 2759 238 2833 ziige
260 2754 314 2814 der
333 2753 446 2832 griech.
469 2751 644 2832 Etymolog.
671 2755 698 2812 3.
713 2748 792 2810 Aua.
816 2753 899 2812 1869
922 2769 975 2829 pg.
988 2751 1051 2810 510
1070 2753 1102 2811 et
1125 2751 1261 2831 saepius)

152 2861 184 2920 ot
215 2861 286 2938 post
318 2878 386 2918 eum
410 2857 535 2918 uberius
565 2855 710 2936 exposuit
739 2852 957 2930 Leskieuius,²
989 2873 1049 2914 non
1079 2855 1154 2916 satis
1178 2858 1262 2916 recte

153 2962 276 3022 videtur
308 2960 515 3041 perspexisse.
559 2959 653 3020 Videt
690 2958 770 3019 enim
806 2958 891 3019 illam
924 2958 1101 3033 ,aeolicam‘
1128 2959 1262 3020 litteram

156 3064 287 3144 saepius,
311 3065 364 3124 nbi
386 3066 440 3123 aut
458 3063 594 3123 uoniam
610 3065 677 3122 erat
693 3063 746 3122 aut
761 3062 880 3123 omnino
895 3081 1050 3144 nunquam
1062 3063 1127 3124 fuit.
1157 3063 1262 3134 Quare

155 3169 269 3229 factum
291 3169 359 3242 est,
391 3170 426 3227 ut
448 3165 648 3226 Hoffmannus
677 3165 743 3246 (1.1.
764 3165 805 3226 Π.
827 3166 973 3246 pg.188)
996 3166 1028 3226 in
1049 3187 1078 3226 r.
1104 3170 1164 3228 136
1189 3166 1262 3227 scri-

153 3275 226 3333 bere
240 3272 336 3333 vellet
351 3261 434 3332 ἄλλα
457 3262 552 3346 ἰκυῖα,
568 3288 749 3352 quamquam
763 3270 852 3331 radix
868 3263 900 3330 ἰν
915 3262 1060 3348 (doru-o)
1075 3271 1263 3348 digammum

156 3377 275 3438 omnino
306 3395 367 3437 nou
390 3376 482 3437 habet
506 3411 547 3419 —-
571 3378 654 3436 errat
676 3374 700 3435 I.
723 3373 885 3435 Bekkerus
907 3393 1026 3455 quoque
1048 3374 1087 3434 de
1108 3374 1165 3434 hac
1187 3394 1263 3435 voce

155 3481 211 3542 11.
230 3500 280 3561 pg.
300 3483 370 3541 136.
413 3478 474 3540 Sed
496 3481 535 3541 de
557 3479 702 3541 hocloco
728 3479 803 3540 infra
827 3479 917 3558 plura
934 3477 1104 3554 afferamus,
1127 3498 1161 3540 ac
1179 3480 1263 3539 totus

155 3586 242 3646 locus
264 3584 390 3662 insuper
410 3586 571 3664 corruptus
594 3603 663 3644 esse
686 3583 758 3643 mihi
778 3582 908 3643 videtur.

243 3687 324 3749 Huic
353 3687 392 3746 de
414 3687 579 3748 mutatione
601 3687 805 3767 spondeorum
824 3688 856 3747 et
878 3686 1069 3767 dactylorum
1093 3689 1264 3768 quaestioni

158 3792 230 3852 licet
256 3791 383 3869 affigere
411 3791 619 3870 quaestionem
649 3791 688 3851 de
712 3810 858 3851 versuum
880 3791 976 3866 exitu,
998 3791 1036 3851 de
1057 3811 1115 3873 quo
1138 3791 1263 3854 disserit

158 3894 183 3955 I.
205 3893 365 3955 Bekkerus
388 3893 419 3971 (l.
439 3893 459 3952 1.
475 3913 525 3973 pg.
543 3893 625 3972 148).
669 3894 767 3956 Docet
784 3894 865 3954 enim
880 3895 940 3969 ille,
963 3896 1000 3954 ab
1018 3893 1150 3956 Homero
1165 3897 1264 3957 claudi

158 4018 283 4061 versum
313 4017 388 4058 voce
422 3997 583 4077 trisyllaba
601 3998 654 4059 rel
676 3998 837 4079 bisyllaba,
861 3999 959 4059 rarius
980 4000 1192 4081 monosyllaba
1213 3999 1263 4061 vel

159 4101 361 4184 tetrasyllaba
382 4102 434 4162 rel
453 4121 537 4178 voce,
560 4121 637 4183 quae
660 4103 792 4185 quinque
814 4105 867 4163 aut
888 4121 944 4162 sex
966 4106 1020 4164 aut
1040 4089 1160 4184 septem
1173 4104 1264 4164 habet

230 4273 257 4338 1)
274 4269 415 4325 Windisch
433 4270 451 4325 l.
462 4271 480 4323 l.
496 4287 542 4339 pg.
553 4271 577 4324 2.

229 4355 257 4424 2)
274 4356 424 4420 Rationem,
449 4373 528 4427 quam
549 4356 571 4411 Ι.
590 4355 694 4411 Bekker
712 4355 741 4409 in
756 4355 922 4411 restituendo
939 4353 1073 4424 digammo
1091 4355 1197 4407 secutus
1214 4355 1263 4417 est,

162 4438 324 4496 examinarit
339 4443 387 4497 Dr.
404 4443 436 4497 A.
455 4442 578 4508 Lcslrien,
594 4441 668 4511 Lips.
686 4443 762 4498 1866.
