2828 4814
594 402 809 473 μω..

149 602 241 677 hant,
273 600 341 682 quis
367 602 473 682 putat?
518 580 654 681 Populus
677 600 757 662 enim
780 601 868 662 sortis
897 603 929 661 et
950 603 1064 681 probus
1088 602 1265 663 desummo

147 705 269 784 gloriae
307 705 433 783 fastigio
463 705 650 765 necessitate
681 706 811 785 quadam
839 705 993 780 deiectus,
1035 705 1101 766 sive
1139 708 1177 766 ab
1207 706 1265 766 alio

149 809 285 891 quodam
313 809 427 889 populo
456 809 513 868 sub
536 808 650 868 ditione
670 810 793 869 tenetur
816 809 882 869 sive
905 828 922 868 e
942 809 1044 889 patria
1070 810 1186 870 eiectus
1207 810 1266 870 alio

149 914 217 974 loco
256 913 346 973 sedes
378 913 528 974 collocare
564 916 688 973 coactus
726 914 792 988 est,
829 912 1006 974 memoriam
1039 914 1070 974 et
1109 914 1266 992 opiniones

148 1020 274 1099 patrum
303 1016 472 1098 antiquitus
500 1019 643 1097 acceptas
674 1035 710 1076 eo
731 1017 869 1078 tenacius
894 1036 1018 1078 servare
1048 1036 1084 1077 ac
1111 1016 1289 1077 custodire

149 1122 247 1197 solet,
276 1141 336 1203 quo
358 1120 580 1201 praeclariores
600 1121 671 1180 illae
695 1121 827 1181 fuerunt.
870 1121 942 1181 Iure
961 1122 1057 1199 igitur
1082 1120 1266 1181 contendere

150 1245 286 1307 possum,
308 1226 340 1285 in
362 1226 431 1284 istis
451 1224 632 1284 Aeneadum
653 1224 774 1304 oppidis
796 1224 916 1284 fabulas
940 1243 958 1284 a
979 1225 1119 1304 patribus
1134 1224 1266 1286 traditas
1335 1244 1340 1253 ·

98 1372 103 1379 -
154 1348 276 1409 semper
307 1329 478 1389 celebratas
501 1330 532 1387 11
555 1327 654 1387 cultas
679 1347 756 1388 esse.
801 1327 910 1407 Populi
931 1328 1078 1409 cuiusque
1098 1328 1212 1407 optima
1235 1330 1266 1388 et

148 1433 323 1497 certissima
356 1433 545 1511 maximeque
567 1431 691 1511 propria
712 1433 793 1492 bona
815 1435 887 1491 sunt
910 1431 1016 1510 lingua
1038 1435 1069 1490 11
1092 1432 1266 1510 religiones.

149 1537 339 1599 Teucrorum
367 1555 441 1596 vero
469 1536 643 1613 lingua-
672 1536 710 1595 de
741 1554 802 1616 qua
832 1536 952 1596 omniuo
980 1536 1024 1595 nil
1054 1536 1182 1611 scimus,
1212 1537 1267 1596 sed

152 1659 246 1724 quam
267 1640 395 1700 nonita
421 1640 551 1699 multum
572 1659 590 1699 a
612 1637 801 1700 Graecorum
830 1639 938 1718 lingua
958 1639 1155 1700 abhorruisse
1182 1644 1266 1719 puto,

151 1745 224 1827 quia
254 1745 336 1825 apud
358 1743 526 1803 Homerum
548 1741 660 1804 Graeci
682 1745 714 1803 et
737 1742 862 1803 Troiani
891 1744 982 1804 alteri
1011 1744 1125 1804 alteros
1154 1743 1266 1804 intelli·

151 1849 295 1928 gunt-
320 1866 337 1907 a
360 1844 547 1909 Graecorum
576 1846 682 1924 lingua
711 1848 870 1926 praeclara
898 1852 947 1907 est
971 1852 1115 1926 superata
1141 1866 1267 1927 oppres·

152 1971 250 2034 saque
270 1971 306 2012 ao
327 1971 456 2032 prorsus
485 1952 619 2011 evanuit.
663 1949 733 2011 Non
764 1954 866 2011 autem
893 1951 973 2011 idem
1003 1951 1125 2010 illorum
1146 1951 1268 2011 fabulae

154 2073 269 2135 passae
297 2057 442 2117 videntur
462 2075 539 2116 esse.
584 2054 708 2115 Etenim
729 2055 907 2135 'principum
938 2053 1045 2135 Scepsi
1073 2055 1269 2132 regnantium

154 2161 316 2241 permagni
327 2161 478 2221 interesse
490 2179 616 2220 necesse
634 2160 700 2232 11111,
718 2161 753 2219 ut
764 2160 835 2219 illae
848 2159 886 2219 de
897 2160 965 2234 diis,
986 2159 1148 2240 exquibus
1164 2160 1267 2236 gentis

155 2283 231 2326 suae
243 2266 392 2343 originem
403 2265 598 2340 deducerent,
616 2265 737 2324 fabulae
755 2264 898 2343 vigerent
917 2284 952 2325 ac
968 2283 1059 2345 quam
1073 2264 1205 2324 maxime
1221 2261 1264 2324 di-

154 2370 367 2451 vulgarentur.
406 2369 448 2429 Et
466 2389 615 2429 memores
634 2368 948 2448 praeclarissimorum
959 2371 1140 2448 temporum,
1157 2368 1267 2448 quibus

155 2473 355 2534 Troianorum
379 2493 430 2533 111
449 2473 615 2533 honoribus
642 2476 673 2533 11
696 2472 795 2551 gloria
815 2473 965 2532 florebant
994 2490 1028 2531 ac
1045 2471 1185 2531 Priamus
1211 2491 1268 2531 rex

157 2596 255 2658 paene
265 2575 471 2638 omnesAsiae
479 2576 742 2656 minorispopulos
753 2576 918 2636 sociossibi
926 2575 1149 2649 conciliaverat,
1160 2575 1268 2635 horum

157 2686 330 2761 temporum
351 2681 419 2741 dico
439 2700 589 2741 memores
612 2685 727 2761 quanta
748 2680 942 2758 aegritudine
961 2679 1007 2739 illi
1023 2679 1151 2739 tulerint
1166 2681 1268 2758 putas,

153 2786 236 2866 quod
258 2786 335 2845 urbe
371 2786 509 2865 ipsorum
545 2784 715 2845 clarissima
752 2785 891 2845 funditus
921 2802 1031 2843 eversa
1060 2783 1091 2843 in
1121 2784 1269 2844 montium

155 2889 255 2950 saltus
278 2907 313 2950 ac
336 2890 485 2950 silvarum
506 2891 649 2950 tenebras
670 2890 729 2968 ipsi
752 2909 786 2949 11
808 2889 945 2968 recipere
964 2887 1061 2947 coacti
1085 2887 1176 2946 sunt?
1221 2884 1268 2947 Ac

154 2992 323 3073 principes,
351 2993 403 3075 qui
429 2995 467 3053 ab
495 2991 602 3052 Aenea
629 2996 661 3052 et
690 2993 735 3052 ita
762 3010 780 3051 a
812 3010 928 3052 summa
954 2991 1026 3066 dea,
1055 2990 1193 3066 Venere,
1236 3011 1269 3051 11

156 3099 281 3181 exortos
305 3116 374 3158 esse
396 3097 608 3176 gloriabantur
630 3099 742 3177 quanto
767 3096 872 3155 dolore
895 3094 996 3156 affecti
1018 3097 1123 3156 essent
1141 3114 1269 3155 necesse

154 3199 221 3276 11111,
244 3221 337 3281 quum
357 3219 446 3262 sacra
466 3203 603 3262 facerent
625 3200 805 3280 peregrinis,
827 3219 955 3281 quorum
977 3200 1084 3280 proavi
1105 3199 1269 3259 maioribus

153 3304 291 3384 ipsorum
307 3305 424 3366 bellum
437 3306 513 3366 illud
528 3306 753 3367 inclitissimum
773 3306 942 3365 intulerant
956 3306 1122 3383 urbemque
1138 3303 1269 3362 omnium

153 3406 390 3486 pulcherrimam
412 3413 445 3469 11
474 3410 701 3470 celeberrimam
728 3408 905 3469 diruerant?
951 3407 1014 3478 Qui
1035 3407 1100 3466 sine
1123 3405 1214 3466 dubio
1237 3406 1268 3465 in

156 3528 213 3570 sua
233 3510 371 3589 ipsorum
396 3514 567 3574 conditione
589 3533 651 3573 non
674 3512 923 3594 acquiescebant,
948 3511 1003 3571 sed
1025 3510 1196 3570 fabularum
1217 3510 1269 3569 vel

155 3616 194 3675 de
216 3616 354 3696 ipsorum
375 3617 488 3696 populo
512 3624 576 3679 toto
591 3619 644 3679 vel
660 3618 697 3678 de
719 3616 823 3695 regiae
840 3616 943 3694 gentis
960 3615 1078 3694 origine
1093 3613 1268 3691 divulgata·

155 3739 224 3779 rum
247 3740 368 3801 semper
389 3741 537 3782 memores
566 3722 626 3802 piis
654 3720 763 3780 animis
785 3722 816 3780 et
841 3738 935 3798 aegre
960 3720 1114 3778 fortunam
1134 3717 1268 3777 ferentes

157 3823 351 3902 splendorem
369 3843 405 3885 ac
420 3825 551 3903 gloriam
564 3825 712 3885 maiorum
732 3825 764 3884 in
782 3825 915 3891 mentem
930 3822 1125 3883 revocabant.
1164 3820 1269 3891 Quare

156 3926 312 3987 intereos
335 3927 469 3989 fabulam
492 3928 530 3987 de
553 3927 707 3989 Anchisae
730 3932 761 3988 et
783 3927 914 3988 Veneris
935 3945 1121 4005 congressu,
1146 3943 1268 4005 exque

155 4031 216 4111 ipsi
238 4032 340 4109 gentis
365 4032 515 4111 originem
536 4032 741 4108 deducebant,
770 4032 987 4111 pervulgatam
1008 4030 1105 4090 fuisse
1125 4029 1193 4111 quis
1216 4047 1267 4086 ne-

157 4135 262 4211 gabit?
308 4135 393 4206 Quin
415 4136 507 4196 etiam
529 4137 697 4216 cupiditate
720 4136 829 4196 summi
843 4134 963 4215 imperii
982 4132 1185 4214 recuperandi
1198 4150 1267 4210 per·

156 4237 232 4296 moti
253 4239 385 4300 fortasse
408 4240 587 4319 sperabant,
618 4241 684 4299 fore
708 4244 744 4299 ut
773 4239 887 4299 auxilio
917 4243 948 4298 et
974 4257 1031 4318 ope
1063 4237 1137 4296 deae
1159 4233 1267 4293 matris

155 4339 300 4400 amissam
322 4343 441 4420 regiam
455 4342 638 4421 dignitatem
660 4343 718 4402 sibi
732 4341 901 4403 reficerent.
947 4339 1098 4417 Quocirca
1112 4358 1153 4398 ex
1175 4334 1267 4397 r‘ebus

156 4444 307 4525 expositis
322 4447 577 4507 verisimillimum
599 4449 663 4520 est,
693 4444 827 4505 fabulam
856 4446 990 4527 lepidam
1017 4442 1208 4505 deVeneris
1237 4443 1268 4504 et
