2828 4814
596 371 815 432 ..59-

149 563 305 623 oederent.
348 560 432 623 Talis
455 564 504 622 est
491 561 649 622 tVenus¹
675 561 757 640 apud
776 557 924 620 Troianos
947 560 1039 621 culta.
1083 555 1131 619 Aa
1152 558 1259 620 Venus

148 667 182 727 in
217 665 343 726 Homeri
386 665 572 727 carminibus
616 665 751 744 descript
738 662 788 725 ta²
825 664 915 725 huius
962 666 1091 724 naturae
1125 662 1261 740 vestigia

146 770 312 851 perspicua
333 770 433 831 adhuc
455 771 591 850 praebet.
571 767 778 830 ttNam
743 772 778 830 ut
802 768 977 848 exemplum
1000 766 1185 848 proferam⁸,
1216 765 1260 826 sic

148 875 232 954 apud
254 872 439 934 Homerum⁴
459 873 615 954 Phrygiae
644 892 754 933 nomen
773 871 927 934 Ascaniae
959 876 1026 948 est,
1052 891 1112 952 quo
1139 870 1260 932 nomine

149 976 276 1038 Aeneae
298 976 361 1053 filii,
384 975 520 1054 Ascanii,
544 996 777 1038 commonemur.
812 1040 818 1048 ,

237 1078 300 1142 Sed
322 1081 437 1141 dixerit
451 1082 584 1142 fortasse
607 1081 774 1162 quispiam:
797 1079 860 1143 Cur
882 1080 1074 1142 haecomnia
1091 1079 1260 1140 enarrasti?

151 1185 236 1256 Quid
267 1185 307 1245 ad
338 1187 476 1245 nostram
508 1204 574 1245 rem
600 1185 699 1258 valet,
734 1184 816 1244 unde
844 1188 956 1245 natura
982 1183 1115 1245 Veneris
1137 1183 1261 1257 troicac,

147 1306 240 1369 quam
265 1288 293 1349 si
318 1289 363 1348 ita
382 1288 538 1368 appellare
560 1287 645 1362 licet,
674 1287 806 1348 conflata
836 1287 892 1348 sit?
936 1286 995 1351 aui
1015 1287 1261 1367 respondendum

147 1393 205 1467 est,
222 1411 279 1452 nos
302 1391 379 1452 nihil
396 1391 617 1471 supervacanei
631 1409 803 1465 enarrasse,
834 1391 906 1471 quia
921 1409 998 1471 opus
1019 1393 1068 1452 est
1085 1391 1169 1451 illius
1184 1390 1261 1451 deae

147 1496 288 1557 naturam
310 1496 434 1576 penitus
456 1494 668 1575 perspexisse,
699 1497 735 1555 ut
764 1493 991 1573 intelligamus,
1019 1495 1152 1569 fabulas,
1181 1511 1260 1574 quae

149 1599 188 1660 de
211 1597 333 1660 Venere
357 1598 455 1660 troica
481 1598 661 1678 divulgatae
692 1599 769 1674 sint,
816 1598 985 1660 secundum
1012 1598 1096 1659 illius
1130 1600 1261 1658 naturae

147 1720 241 1762 unam
270 1680 439 1763 alteramue
468 1704 588 1782 partem
614 1722 684 1763 esse
711 1702 924 1763 diiudicandas
957 1720 993 1762 ac
1016 1700 1261 1782 perpendendas.

236 1806 388 1877 Quocirca
416 1809 580 1886 postquam
609 1807 685 1866 haec
715 1807 930 1886 praemisimus
958 1806 998 1868 ad
1027 1807 1133 1886 hymni
1160 1805 1261 1866 nostri

149 1914 367 1990 argumentum
388 1930 470 1970 nunc
491 1913 690 1971 revertamur.

236 2013 338 2094 Supra
374 2015 601 2090 contendimus,
636 2015 667 2074 in
700 2015 804 2075 fabula
841 2013 949 2095 hymni
984 2014 1082 2074 multa
1121 2012 1261 2087 inveniri,

157 2135 235 2199 quae
254 2115 476 2180 aGraecorum
496 2119 620 2197 ingenio
642 2137 677 2180 ac
700 2118 817 2179 ratione
842 2117 994 2178 sentiendi
1015 2117 1059 2178 ita
1079 2117 1262 2196 discrepent,

154 2222 189 2281 ut
210 2222 330 2282 omnino
353 2223 529 2301 negandum
549 2222 605 2299 sit,
641 2226 857 2302 argumentum
879 2222 984 2303 hymni
1011 2241 1052 2282 ex
1074 2218 1262 2283 Graecorum

152 2325 264 2386 sabulis
283 2345 354 2387 esse
370 2326 508 2407 petitum.
550 2325 619 2405 Ego
642 2345 716 2386 vero
728 2327 822 2405 longa
844 2328 950 2388 nostra
973 2326 1011 2387 de
1026 2326 1150 2386 Venere
1165 2324 1263 2387 troica

151 2428 361 2510 disputatione
388 2449 596 2506 commoveor,
629 2433 665 2491 ut
692 2435 812 2510 putem,
843 2434 1058 2511 argumentum
1087 2430 1193 2509 hymni
1223 2449 1263 2489 ex

152 2533 237 2594 illius
269 2534 346 2594 deae
376 2534 488 2596 fabulis
521 2554 592 2595 esse
623 2536 786 2614 sumptum.
842 2533 1010 2604 Quaeritur
1043 2536 1159 2607 autem,
1189 2551 1263 2592 num

155 2634 369 2714 difficultates,
398 2657 474 2720 quas
503 2639 570 2718 ipse
598 2637 700 2712 attuli,
729 2637 787 2698 hac
814 2638 933 2698 ratione
963 2637 1084 2717 possint
1115 2637 1261 2715 superari

151 2719 204 2799 Ad
233 2757 339 2800 omnes
366 2741 471 2803 illas
463 2742 596 2822 ineptias
619 2741 819 2821 explicandas
849 2741 888 2801 de
910 2740 1058 2820 religione
1080 2740 1163 2801 illius
1186 2740 1262 2801 deae

151 2861 251 2922 pauca
277 2847 440 2923 praeterea
471 2849 543 2906 sunt
529 2844 735 2906 t.afferenda
779 2844 909 2905 Possum
936 2863 1011 2904 vero
1033 2844 1095 2903 iam
1116 2844 1174 2904 hoo
1195 2843 1262 2904 loco

153 2965 194 3006 ex
222 2950 348 3024 natura,
379 2967 471 3030 quam
499 2950 732 3030 descripsimus,
759 2948 891 3010 Veneris
919 2948 1035 3009 troicae
1057 2948 1158 3008 locum
1177 2947 1264 3008 illum

153 3048 307 3111 difficilem
344 3052 383 3112 de
411 3053 581 3113 bestiarum
618 3054 700 3115 curis
732 3052 846 3113 Veneri
876 3049 1064 3113 commissis⁵
1099 3051 1264 3130 explicare.

150 3151 275 3216 Etenim
303 3155 330 3215 si
357 3158 487 3216 matrem
512 3155 637 3218 Idaeam
662 3157 790 3218 eandem
825 3176 896 3217 esse
927 3156 1016 3218 deam
1048 3175 1083 3216 ac
1109 3154 1264 3215 Venerem

150 3258 279 3319 troicam
307 3258 352 3336 (id
380 3263 428 3320 est
452 3261 556 3321 ambas
579 3262 653 3322 deas
675 3262 757 3342 apud
780 3260 929 3322 Troianos
952 3279 1022 3321 esse
1045 3259 1209 3320 contextas
1231 3258 1263 3318 in

151 3379 248 3420 unum
268 3381 381 3423 numen
399 3383 440 3424 ex
458 3361 646 3426 Graecorum
662 3365 812 3444 religione
827 3364 949 3425 nomine
964 3362 1095 3424 Veneris
1111 3362 1263 3439 notatum)

152 3462 318 3538 concedas,
351 3467 460 3528 mirum
492 3487 562 3529 esse
594 3487 656 3528 non
687 3468 791 3542 debet,
821 3467 902 3548 quod
934 3467 966 3528 in
995 3466 1061 3527 eius
1090 3465 1213 3526 fabellis
1235 3466 1264 3526 ei

150 3565 320 3627 bestiarum
358 3570 457 3631 tutela
494 3589 641 3633 concessa
685 3574 748 3647 est,
790 3571 933 3652 quoniam
977 3569 1170 3631 notissimum
1206 3571 1264 3644 est,

150 3689 280 3750 magnae
307 3671 353 3733 illi
380 3674 456 3735 deae
484 3711 524 3719 —
551 3693 643 3756 quam
668 3676 749 3755 apud
771 3673 867 3735 Asiae
895 3674 1021 3735 minoris
1052 3673 1181 3753 populos
1212 3673 1263 3734 de-

153 3775 303 3856 prehendi
318 3795 355 3838 ac
368 3777 515 3860 Cybelen,
538 3777 666 3855 Rheam,
688 3781 819 3840 matrem
834 3780 968 3853 deorum,
984 3780 1114 3839 matrem
1128 3775 1263 3853 Idaeam,

150 3880 280 3940 matrem
293 3879 508 3963 Dindymenen
528 3883 638 3944 vocari
661 3902 754 3964 supra
777 3883 935 3944 docuimus
959 3916 1002 3926 -
1025 3881 1142 3942 bestias
1160 3899 1263 3942 sacras

227 4081 416 4150 1)Pre11erl
437 4082 553 4152 llpg
570 4082 623 4138 403
640 4085 669 4136 et
686 4082 777 4138 adnot
796 4082 888 4147 subt.
911 4080 987 4135 Idem
1005 4080 1020 4135 1
1036 4081 1153 4152 pg.1210
1170 4095 1228 4148 sqq.

219 4169 247 4238 2)
264 4169 406 4225 lecker
398 4186 428 4224 ιιι
444 4170 513 4224 Mus
531 4169 658 4223 Rhenan
679 4171 748 4225 1833
766 4168 782 4222 1
802 4184 848 4239 pg.
867 4168 918 4224 196
935 4183 993 4237 sqq.

218 4256 246 4325 3)
261 4256 412 4310 Vblckerl.
429 4255 448 4309 1.
469 4273 515 4325 pg.
535 4257 597 4312 203.

219 4342 248 4411 4)
264 4341 381 4409 Iliada,
400 4345 466 4407 8633
484 4361 508 4405 ν,
528 4342 587 4398 793.

218 4427 248 4498 b)
269 4428 365 4498 hymni
382 4446 408 4484 v.
427 4431 538 4486 69-74.
