2828 4814
595 360 810 417 ..34-

150 547 182 608 in
203 547 352 609 eiusmodi
370 547 486 626 lingua,
509 546 629 628 qualem
645 567 715 608 esse
729 546 855 608 Homeri
870 548 1028 610 docuimus
1047 567 1083 608 sc
1098 550 1264 628 poetarum

150 653 321 731 epicorum,
357 652 501 732 quicum
524 651 622 712 secuti
649 654 736 727 sunt,
766 651 864 712 veluti
889 655 1050 732 poetarum
1076 653 1264 733 hymnorum

148 757 387 832 homericorum,
425 756 543 817 firmam
572 774 608 816 ac
642 775 763 837 semper
792 756 850 817 sibi
880 758 1073 817 constantem
1102 755 1134 816 in
1152 757 1263 818 verbis

150 861 298 941 ponendis
321 865 353 921 et
375 861 526 940 eligendis
549 860 698 921 rationem
719 860 884 940 postulare.
919 863 1010 933 Quod
1032 880 1106 922 vero
1122 862 1154 921 in
1169 880 1264 922 omne
1348 924 1351 931 .

151 964 271 1026 dicendi
291 983 389 1044 genus
414 965 496 1045 apud
512 964 680 1025 Homerum
701 967 899 1046 nostrumque
920 969 1044 1045 poetam
1059 965 1150 1040 cadit,
1171 963 1204 1025 id
1228 965 1264 1026 in

149 1068 294 1146 digammi
319 1088 409 1130 usum
439 1088 559 1151 quoque
591 1069 682 1130 cadat
710 1086 838 1129 necesse
867 1071 924 1128 est.
976 1066 1133 1130 Audacius
1162 1067 1265 1147 igitur

149 1172 273 1233 videtur
293 1172 396 1252 egisse
416 1171 441 1232 Ι.
455 1171 616 1233 Bekkerus
639 1172 671 1232 in
690 1172 843 1252 digammo
866 1171 1072 1247 restituendo,
1101 1191 1194 1252 quum
1213 1173 1262 1234 in-

148 1277 241 1338 vehat
263 1277 467 1338 constantiam
486 1276 519 1337 in
540 1276 683 1353 carmina,
706 1295 785 1359 quae
807 1295 845 1337 ea
867 1281 961 1356 egent
982 1279 1014 1337 et
1029 1294 1122 1356 egere
1137 1276 1262 1339 debent.

148 1379 199 1442 Ex
217 1399 285 1441 mea
306 1380 429 1462 quidem
452 1381 620 1456 sententia,
642 1382 669 1442 si
692 1400 804 1471 sequor
825 1379 885 1460 Gg.
901 1379 999 1444 Ourtii
1020 1381 1161 1461 regulas,
1185 1386 1263 1444 sunt

149 1487 294 1566 quattuor
324 1503 452 1560 causae,
490 1485 599 1566 quibus
638 1486 821 1547 commoveri
852 1504 1031 1566 possumus,
1070 1487 1106 1545 ut
1139 1485 1258 1565 digam-

149 1610 231 1650 mum
255 1608 325 1650 esse
355 1589 577 1650 constituamus
606 1593 638 1651 et
666 1590 749 1670 apud
769 1589 936 1650 Homerum
958 1591 990 1649 et
1010 1588 1042 1648 iu
1063 1589 1254 1665 carminibus,

149 1711 228 1775 quae
250 1712 290 1752 ex
311 1692 394 1753 illins
417 1693 671 1773 generedicendi
692 1697 764 1755 sunt
786 1693 955 1773 composita
975 1696 1068 1775 atque
1082 1693 1164 1754 inter
1178 1712 1258 1776 quae

148 1796 281 1877 hymnus
313 1799 420 1857 noster
448 1816 521 1858 sane
550 1798 681 1878 primum
708 1796 825 1859 obtinet
851 1797 958 1858 locum.
1012 1796 1147 1859 Primum
1168 1796 1211 1876 (I)
1232 1798 1261 1859 si

149 1920 258 1962 versus
273 1900 351 1960 ratio
367 1901 553 1981 digammum
567 1902 730 1977 desiderat,
745 1901 816 1963 dein
831 1899 888 1981 (II)
905 1901 932 1962 si
946 1901 1133 1980 digammum
1146 1919 1261 1963 vocum

148 2025 189 2065 ex
218 2005 326 2066 eadem
351 2007 448 2087 stirpe
477 2007 676 2068 formatarum
702 2007 819 2068 ratione
842 2005 1034 2085 postulatur,
1066 2023 1157 2086 porro
1180 2003 1261 2084 (ΠΙ)

148 2110 175 2170 si
209 2129 269 2190 qua
290 2106 478 2171 Graecorum
510 2111 661 2173 dialectus
694 2111 881 2190 digammum
909 2108 961 2170 vel
982 2110 1117 2171 litteram
1148 2128 1189 2170 ex
1221 2129 1260 2171 eo

147 2222 253 2275 natam
274 2215 307 2276 in
329 2234 416 2275 omne
438 2219 597 2295 posterum
617 2218 739 2294 tempus
763 2215 905 2290 retinuit,
934 2213 1064 2296 denique
1085 2212 1156 2293 (IV)
1179 2214 1208 2274 si
1227 2214 1261 2275 in

147 2318 263 2398 linguis
291 2319 432 2398 cognatis
464 2338 557 2380 sonus
585 2318 731 2398 digammi
760 2319 880 2398 spirans
908 2317 1006 2379 adhuc
1035 2321 1177 2379 servatus
1201 2322 1261 2379 est.

150 2423 238 2494 Quae
268 2423 391 2506 quidem
418 2443 469 2485 res
498 2426 652 2499 extrema,
687 2441 748 2505 qus
776 2423 842 2483 sola
863 2441 971 2483 vocem
992 2421 1125 2504 aliquam
1147 2421 1193 2481 nti
1212 2422 1260 2482 di-

149 2546 269 2608 gammo
292 2528 380 2589 nobis
403 2528 584 2609 persuaderi
605 2530 717 2608 potest,
739 2527 864 2588 accedat
884 2545 1011 2588 necesse
1033 2525 1142 2588 estad
1164 2545 1262 2587 unum

83 2660 86 2665 ·
149 2633 319 2694 alterumve
341 2633 435 2694 trium
456 2634 600 2714 priorum,
621 2650 699 2714 quae
719 2631 887 2710 attulimus,
908 2630 1055 2711 digammi
1068 2629 1259 2706 indiciorum,

148 2742 256 2797 utres
278 2737 368 2797 extra
388 2736 608 2797 dubitationem
630 2736 732 2815 posita
754 2736 803 2796 sit.
847 2735 1014 2797 Videamus
1036 2734 1148 2814 igitur,
1177 2753 1259 2816 quae

148 2841 180 2901 in
206 2840 318 2922 hymno
347 2842 452 2902 nostro
476 2842 601 2902 exstent
623 2841 737 2900 formae
766 2838 918 2918 digammo
942 2839 1120 2913 instructae,
1142 2837 1169 2898 si
1191 2858 1259 2900 rem

147 2945 348 3006 diiudicamus
378 2965 419 3005 ex
446 2944 583 3024 legibue,
618 2963 695 3027 quas
725 2944 826 3004 sobria
854 2943 891 3004 de
920 2943 1045 3005 Homeri
1072 2941 1260 3005 carminibus

148 3050 328 3130 quaestione
350 3049 410 3110 viri
431 3048 513 3109 docti
539 3050 754 3130 explanarunt.

233 3152 362 3231 DTres
393 3156 465 3214 sunt
494 3153 571 3230 loci,
603 3154 656 3214 ubi
685 3173 832 3214 versuum
852 3152 970 3214 ratione
992 3152 1180 3231 digammum
1201 3170 1257 3232 po·

148 3259 251 3320 scitur.
308 3258 426 3338 Nempe
462 3257 593 3338 primum
631 3258 658 3319 si
694 3256 795 3334 hiatu,
839 3258 890 3340 qui
929 3257 990 3317 alia
1031 3256 1069 3316 de
1106 3274 1201 3317 causa
1239 3276 1258 3318 e

148 3363 246 3423 medio
269 3381 330 3422 non
350 3362 477 3437 tollitur,
499 3361 686 3423 offendimur.
719 3359 770 3423 Sic
791 3362 938 3424 habemus
954 3364 1016 3421 v.1
1042 3351 1153 3422 ἔννεπε
1169 3351 1259 3442 ἔργα,

146 3486 175 3526 v.
185 3471 223 3526 11
233 3461 287 3526 καί
296 3457 397 3547 ἔργον.
407 3470 448 3528 30
454 3460 544 3548 μέσῳ
552 3457 637 3549 οἴκῳ,
644 3457 831 3549 ν.43μήδεο
838 3458 939 3543 εἰδὼς,
954 3485 984 3528 u.
997 3469 1038 3526 48
1055 3455 1257 3549 ἓπεοξαμένῃ

147 3562 241 3654 εἴπῃ,
265 3590 295 3632 v.
313 3571 353 3631 53
377 3561 440 3653 ἄρα
460 3562 505 3648 οἱ,
528 3591 558 3631 v.
577 3572 617 3631 56
639 3561 753 3632 ἔπειτα
776 3563 905 3650 ἰδοῦσα,
926 3589 956 3632 v.
974 3570 1014 3631 59
1037 3563 1075 3631 δέ·
1096 3559 1143 3643 οἳ,
1165 3587 1195 3629 v.
1212 3572 1255 3631 63

146 3660 314 3756 ἀμβροσίῳ
350 3666 453 3758 ἑδανῷ
488 3679 519 3737 et
546 3670 586 3759 ῥά
607 3666 654 3754 οἱ,
685 3694 713 3736 v.
736 3678 776 3737 82
803 3670 857 3736 καὶ
888 3662 989 3753 εἶδος,
1013 3694 1044 3735 v.
1067 3675 1108 3733 90
1137 3672 1258 3752 θαῦμα

148 3770 291 3856 ἱδέοὸοι,
331 3799 359 3839 v.
389 3785 429 3843 92
458 3779 549 3863 χαῖρε
569 3773 699 3856 ἄναοο’,
729 3799 759 3845 v.
790 3784 851 3841 112
884 3767 1076 3862 εὐτειχήτοιο
1104 3766 1256 3856 ἀνάσσει,

146 3903 176 3946 v.
201 3885 262 3943 113
293 3874 384 3967 σάφα
406 3872 496 3961 οἶδα,
534 3905 565 3946 v.
583 3887 645 3944 164
673 3875 723 3945 ἴδε
750 3879 876 3964 εἵματα,
906 3905 936 3946 v.
954 3886 1016 3944 167
1040 3871 1131 3965 σάφα
1146 3872 1255 3961 εἰδώς,

146 4008 176 4049 v.
195 3990 255 4049 181
279 3982 315 4050 dd
337 3980 425 4067 ἴδον,
447 4010 478 4052 r.
495 3991 558 4050 205
581 3989 696 4068 θαῦμα
719 3980 807 4066 ἰδεῖν,
826 4010 857 4052 v.
877 3993 939 4052 207
962 4007 998 4048 τε
1020 3976 1104 4071 ᾔδει,
1135 4005 1164 4047 v.
1188 3989 1256 4051 208

147 4085 242 4176 ὅππη
267 4083 312 4168 οἳ,
340 4114 370 4155 r.
388 4098 452 4157 210
475 4088 512 4156 δέ
536 4084 581 4169 οἳ,
609 4096 716 4155 vem
741 4087 778 4155 δέ·
800 4085 832 4170 ἓ,
852 4096 962 4157 uaso
985 4081 1184 4154 moci'llcov.
1209 4089 1257 4156 At

145 4215 205 4257 non
228 4195 356 4273 suffieit,
386 4201 422 4258 ut
444 4218 485 4258 ex
506 4197 564 4258 hac
590 4217 652 4258 una
670 4218 704 4258 re
725 4216 832 4260 vocem
852 4199 986 4281 aliquam
1008 4195 1161 4275 digammo
1181 4215 1257 4276 pos-

110 4380 113 4385 *
147 4301 241 4362 simus
261 4301 415 4363 instruere
435 4336 479 4347 -
502 4320 579 4382 opus
594 4301 690 4379 igitur
705 4304 754 4363 est
768 4302 862 4364 etism
876 4321 936 4362 nno
952 4300 1090 4362 alterove
1107 4297 1258 4378 digammi

145 4407 264 4484 indicio,
280 4406 361 4489 quod
376 4405 685 4483 commemoravimus,
701 4405 773 4487 quia
787 4407 868 4487 apud
883 4404 1050 4467 Homerum
1065 4403 1261 4484 digammum
