2828 4814
606 328 822 384 ..14-

498 511 551 578 116
572 480 700 596 liymnl
722 513 937 581 1661611166

143 633 154 641 ·
244 616 292 688 Ao
314 618 445 698 primum
467 618 588 698 agimus
609 620 648 680 de
670 621 815 682 caesuris.

591 738 645 804 116
667 737 826 805 66666116

244 841 461 905 Hoffmann
499 844 708 915 Quaestiones
742 844 921 907 Homerioae
959 847 998 925 (a.
1028 847 1125 923 1842)
1156 845 1218 906 vol.
1247 846 1274 922 I,

156 967 208 1027 pg.
234 937 364 1011 1-27.

246 1036 435 1118 Spitzner
469 1037 516 1097 De
549 1056 643 1098 16166
679 1034 867 1100 Graecorum
893 1037 1014 1099 heroioo
1042 1033 1140 1121 (Lips.
1170 1035 1274 1124 1836)

156 1160 208 1220 pg.
236 1147 305 1202 1-
319 1145 368 1204 13.
447 1166 458 1185 =

138 1250 144 1262 ‘
184 1228 186 1231 ⁸
243 1245 429 1326 Populorum
450 1245 780 1325 indegermanioorum,
804 1246 855 1327 qui
877 1246 1034 1322 dicuntur,
1056 1265 1167 1307 161666
1190 1248 1273 1308 anti-

157 1350 320 1431 quissimos
342 1350 498 1430 longiores
521 1350 553 1411 in
573 1350 662 1411 binas
684 1353 791 1430 partes
809 1369 880 1411 esse
902 1350 1073 1411 (1166666166
1089 1351 1169 1411 inter
1184 1351 1273 1413 viros

157 1454 264 1515 dootos
293 1473 377 1520 66116,
404 1457 533 1516 6666161.
579 1452 630 1515 Sio
653 1454 736 1534 apud
755 1452 912 1515 Romanos
942 1471 1062 1530 161666,
1085 1455 1136 1536 661
1160 1451 1273 1516 Satur-

155 1559 225 1619 nius
247 1562 390 1635 vooatur‚
425 1559 507 1639 apud
528 1555 699 1620 Germanos
719 1577 840 1633 versus,
865 1559 917 1640 qui
939 1561 988 1619 est
1010 1558 1041 1618 in
1063 1558 1180 1640 inclyto
1205 1578 1274 1620 oar—

155 1664 236 1725 mine
259 1663 346 1744 epioo
369 1664 408 1724 de
427 1662 633 1743 Nibelungis,
644 1663 726 1743 apud
742 1660 879 1725 Graecos
900 1663 1114 1746 hexametrum
1129 1663 1161 1723 in
1178 1664 1273 1725 binas

154 1774 261 1849 partes
284 1756 386 1830 divisa
408 1771 489 1829 sunt.
534 1766 622 1831 Unde
643 1767 842 1848 intelligitur,
870 1769 935 1829 fere
957 1768 1057 1829 omnia
1080 1763 1273 1830 Graecorum

40 1908 42 1911 ·
156 1872 335 1947 hexametra
356 1871 404 1932 uti
425 1889 555 1932 6666616
576 1871 665 1951 pedis
688 1872 772 1933 tertii
795 1871 862 1933 6116
883 1871 1099 1952 semiquinaria
1115 1871 1181 1933 sive
1197 1879 1273 1953 post

155 1977 280 2038 tertium
294 1976 480 2037 trochaeum.
500 1974 551 2037 Ita
563 1995 710 2037 versuum
722 1967 833 2056 Iliadis¹
847 1978 953 2037 15694
967 1979 1089 2037 tantum
1104 1977 1174 2051 185,
1198 1997 1272 2037 161-

155 2101 244 2143 suum
262 2085 366 2144 12101
387 2079 547 2162 Odysseae
563 2083 685 2142 tantum
705 2085 743 2142 71
760 2080 850 2158 (61.1.
869 2079 1273 2144 Β611161Η61661.Β111161

153 2205 206 2265 pg.
231 2187 306 2266 143)
333 2189 440 2248 carent
468 2204 596 2247 oaesura
622 2186 711 2265 pedis
734 2186 835 2262 tertii,
867 2187 971 2247 idest
992 2187 1023 2246 in
1045 2183 1143 2266 Iliade
1165 2190 1181 2246 1
1201 2210 1209 2247 ι
1227 2189 1271 2248 84

153 2295 186 2352 61
207 2291 239 2351 in
253 2289 398 2372 Odyssea
421 2296 437 2352 1
455 2314 463 2351 :
483 2293 554 2352 170.
576 2289 614 2350 In
635 2290 749 2371 hymno
769 2292 875 2351 nostro
898 2290 1012 2351 habent
1036 2308 1141 2351 omues
1156 2309 1270 2354 161666

153 2395 242 2475 pedis
261 2395 346 2456 tertii
367 2413 526 2456 caesuram
545 2398 669 2476 praeter
690 2413 802 2456 161666
818 2398 959 2477 quartum
975 2397 1007 2455 et
1024 2394 1268 2456 ducentesimum

154 2499 417 2580 septuagesimum
445 2504 602 2587 quartum,
634 2499 735 2560 idest
759 2505 774 2560 1
794 2523 802 2560 :
819 2502 897 2576 146,
927 2517 1005 2580 6666
1028 2499 1193 2561 feneratio
1216 2505 1270 2560 est

151 2603 321 2686 Odysseae.
384 2604 427 2666 Et
464 2605 604 2687 equidem
633 2608 722 2685 puto,
758 2624 798 2666 ne
829 2623 955 2665 versum
984 2603 1107 2684 quidem
1135 2603 1272 2687 alterum

153 2710 194 2786 (1.
219 2705 297 2792 271)
318 2727 424 2770 661616
448 2688 577 2770 caesura
599 2709 688 2789 pedis
703 2709 796 2784 tertii,
820 2709 848 2770 si
871 2708 1027 2791 sequimur
1038 2706 1066 2768 -Ι,
1080 2707 1271 2786 Bellorum,

152 2814 204 2895 qui
228 2814 259 2892 (l.
275 2814 294 2873 l.
317 2832 368 2893 pg.
386 2813 462 2890 141)
486 2814 544 2876 ait:
568 2848 619 2890 -,
638 2814 697 2875 wie
718 2813 800 2875 deun
814 2812 1173 2891 Zusammeusetzungen
1195 2813 1271 2873 dem

151 2917 251 2979 Verse
269 2917 390 2979 iiberall
412 2917 497 2979 nieht
518 2918 568 2978 fur
589 2918 870 2979 festverwaohseue
892 2915 1058 2978 Hinheiten
1080 2916 1197 2996 gellen,
1221 2936 1274 2979 am

150 3023 325 3101 wenigsten
355 3021 474 3084 Verba·
498 3021 553 3084 mit
594 3024 796 3102 angesetnten
832 3021 1080 3102 Pra'positionem
1117 3021 1274 3084 vielmehr

149 3125 228 3187 wird
248 3127 287 3187 da
312 3126 362 3187 die
376 3125 570 3205 Priipositiou
591 3126 650 3188 wie
676 3126 726 3188 ein
740 3127 791 3187 fiir
807 3127 872 3188 sioh
895 3127 1060 3188 steheudes
1075 3124 1274 3190 Aduerbium

149 3229 333 3290 behandelt!
383 3229 542 3291 Haotenus
579 3230 640 3291 ille.
685 3231 777 3301 Quod
806 3232 832 3292 si
860 3250 969 3293 161616
996 3233 1157 3310 putamus,
1195 3238 1274 3311 post

150 3329 227 3416 περὶ
262 3334 521 3414 praepositionem
558 3353 629 3395 esse
669 3353 828 3396 caesuram
854 3335 1100 3416 semiquinariam
1127 3336 1274 3399 statuere

149 3458 321 3518 possumus.
347 3437 503 3500 Habemus
525 3439 622 3518 igitur
640 3457 752 3500 versus
777 3443 837 3500 147
854 3439 1012 3519 praeditos
1029 3457 1157 3500 6666616
1175 3443 1272 3502 semi-

149 3542 288 3623 quinaria
315 3543 491 3624 (inquibus
514 3543 803 3604 dividendiversus
825 3543 904 3604 16116
927 3546 976 3605 661
1000 3540 1059 3625 2112
1086 3550 1119 3616 †
1141 3541 1222 3626 3¹l2)
1236 3550 1272 3609 et

147 3665 259 3707 161666
290 3649 350 3708 145
382 3648 549 3710 1661166166
579 3665 708 3709 6666616
738 3647 826 3728 pedis
848 3647 933 3708 tertii
955 3647 1110 3710 1166116166
1131 3647 1198 3725 (ubi
1218 3656 1273 3713 661

147 3750 225 3810 16116
246 3747 305 3832 23)Δ
324 3757 356 3826 4-
373 3750 450 3834 3114)
467 3787 507 3796 —-
524 3753 556 3813 id
570 3756 620 3813 est
634 3753 795 3834 utriusque
811 3751 935 3831 generis
950 3753 1078 3813 totidem
1088 3770 1211 3814 versus.
1228 3791 1266 3800 —

237 3855 374 3928 (laesura
402 3859 495 3937 post
524 3856 635 3936 pedem
662 3856 789 3917 tertium
817 3856 949 3932 vitatur,
982 3873 1021 3916 ne
1050 3855 1129 3916 duae
1152 3875 1270 3921 versus

148 3961 253 4038 partes
274 3977 365 4040 pares
387 3961 533 4022 oriantur.
575 3959 622 4021 Ao
646 3960 673 4022 si
695 3959 845 4021 eiusmodi
868 3977 1029 4021 6666616111
1050 3959 1148 4039 legis,
1187 3961 1270 4023 divi-

148 4064 267 4125 dendus
297 4065 354 4126 tibi
383 4068 431 4127 661
457 4085 569 4127 161666
595 4084 655 4125 nou
683 4066 742 4125 hoo
773 4064 840 4144 ipso
861 4065 937 4141 loeo,
957 4064 1013 4125 sed
1038 4064 1097 4125 alio
1121 4065 1269 4145 quodam,

147 4169 290 4251 quoniam
313 4169 394 4249 apud
415 4166 552 4231 Graecos
576 4169 676 4230 altera
698 4188 819 4249 semper
846 4169 887 4229 sit
907 4187 1034 4229 6666616
1057 4187 1185 4229 6666666
1197 4174 1268 4249 est;

147 4275 191 4336 sio
212 4274 295 4354 apud
311 4272 478 4335 Homerum
500 4273 634 4353 exempli
656 4272 758 4353 gratia
781 4273 812 4333 in
833 4256 920 4334 Iliad.
943 4292 970 4354 γ,
978 4295 1004 4334 ν.
1030 4274 1091 4336 185
1114 4292 1177 4333 666
1192 4279 1268 4355 post

146 4379 256 4458 pedem
286 4377 412 4440 tertium
433 4397 562 4441 oaesura
584 4381 643 4456 est,
668 4377 723 4438 sed
745 4377 971 4459 semiquinaria.
1013 4375 1107 4458 Apud
1128 4375 1266 4444 Ennium
