2828 4814
592 258 808 318 ..40-

146 446 329 507 sententiam
356 463 443 507 snam
473 447 512 506 de
531 444 684 525 digammo
707 449 884 526 exponeret.
928 445 1007 508 Tota
1026 449 1128 509 autem
1150 447 1262 528 dispur

147 549 264 611 tatione
286 553 393 610 nostra
414 550 452 609 de
475 549 627 629 digammo
651 553 792 612 naturam
813 551 920 633 hymni
933 552 1117 613 homericam
1132 552 1263 615 demon·

147 654 239 716 strari
275 654 460 714 contendere
492 673 664 733 possumus.
715 653 748 715 Si
779 656 848 737 quis
880 656 970 736 plura
999 655 1094 730 111111,
1132 648 1264 735 ignorat
1336 726 1339 731 ,

145 758 304 819 historiam
334 759 438 839 epioae
467 759 542 820 artis
571 760 653 839 apud
676 755 827 836 Graecos,
864 778 925 843 qua
946 759 1079 822 maxime
1099 760 1264 841 probabile
1364 788 1367 843 3

146 863 190 940 fit,
211 863 345 925 carmina
367 864 455 944 epica
476 863 602 939 minora,
626 882 809 947 quamquam
830 864 957 927 Homeri
969 865 1090 945 magnis
1107 883 1144 927 ac
1158 884 1264 946 paene
1356 906 1360 921 ι

147 967 258 1029 divinis
285 967 469 1029 carminibus
490 971 643 1047 reguntur
665 987 701 1029 ac
723 969 891 1045 ducuntur,
924 974 1028 1031 tamen
1049 989 1111 1031 non
1132 989 1174 1031 ex
1195 970 1264 1032 illis

147 1072 236 1155 quasi
261 1072 417 1152 exscripta
441 1090 512 1132 esse
536 1107 579 1116 -
608 1072 639 1132 id
669 1073 750 1155 quod
780 1073 991 1136 Windischius
1017 1074 1120 1136 libello
1148 1093 1206 1137 suo
1242 1094 1265 1137 a
1364 1060 1367 1071 ¹

147 1176 235 1236 nobis
264 1176 388 1256 saepius
416 1175 541 1237 laudato
569 1175 779 1238 demonstrare
799 1178 898 1239 voluit
920 1213 971 1254 —,
994 1179 1049 1239 sed
1071 1198 1112 1239 ex
1132 1178 1261 1240 illorum

147 1281 280 1361 imagine
313 1281 427 1361 optima
455 1300 526 1342 esse
558 1283 725 1362 composita
752 1286 845 1364 atque
875 1283 996 1358 eadem,
1030 1302 1090 1364 qua
1124 1283 1262 1345 carmina

147 1384 325 1461 Homerica,
345 1385 454 1466 lingua
475 1386 562 1466 epioe
582 1385 678 1447 firmis
700 1386 823 1467 legibus
845 1388 963 1448 munita
977 1387 1031 1448 uti.
1066 1387 1155 1458 Quae
1172 1387 1260 1450 firma

147 1489 255 1570 lingua
292 1489 379 1570 opica
413 1490 584 1570 posteriore
618 1493 755 1569 tempore
783 1491 883 1570 magis
912 1491 1072 1571 magisque
1101 1496 1254 1574 tamquam

149 1594 342 1674 obrigescere
365 1594 466 1674 eoepit
489 1611 524 1654 ac
548 1593 658 1654 deinde
680 1613 737 1673 per
757 1595 904 1655 nonnulla
925 1594 1049 1656 saecula
1070 1595 1181 1656 eadem
1199 1595 1254 1657 fnit

149 1733 193 1743 -
225 1698 256 1759 id
284 1699 365 1779 quod
392 1699 424 1758 in
452 1697 636 1758 carminibus
665 1696 889 1763 Islandicorum
918 1699 1013 1778 epicis
1041 1701 1156 1760 lactum
1189 1718 1259 1761 esse

44 1846 47 1851 .
148 1821 236 1863 nemo
267 1804 370 1882 negat.
420 1801 519 1866 Usum
543 1822 617 1864 uero
646 1803 792 1884 digammi
826 1804 963 1885 sibiipsi
984 1824 1044 1865 non
1066 1807 1263 1867 constantem

148 1907 363 1989 explicandum
385 1929 455 1971 esse
477 1913 552 1989 puto
576 1929 616 1970 ex
630 1909 746 1989 duplici
761 1910 849 1991 quasi
863 1909 979 1990 lingna,
1001 1927 1061 1991 qua
1079 1915 1194 1990 poetae
1215 1910 1263 1972 illi

149 2013 228 2093 epici
256 2014 436 2089 utebantur,
472 2033 581 2094 nempe
611 2018 643 2075 et
667 2013 775 2093 lingua
793 2015 825 2076 in
847 2014 1030 2076 carminibus
1053 2013 1148 2093 epicis
1169 2033 1264 2076 exer-

151 2119 246 2180 citata
266 2119 465 2202 formulisqne
480 2120 572 2180 certis
589 2119 820 2199 circumscripta
835 2122 867 2180 et
883 2119 1018 2180 oratione
1040 2119 1073 2179 in
1087 2138 1147 2178 usu
1162 2119 1265 2200 quoti·

152 2223 242 2283 diano
266 2223 408 2285 adhibita.
443 2224 495 2284 Ex
516 2226 647 2304 utraque
668 2242 778 2284 vocum
799 2199 914 2285 formae
939 2223 1031 2284 certis
1053 2221 1176 2303 legibus
1200 2244 1266 2285 non

152 2328 324 2389 observatis
354 2328 609 2403 admittebantur,
645 2347 685 2388 ex
708 2327 806 2389 altera
827 2330 941 2389 formae
962 2327 1193 2409 antiquissimae
1216 2329 1264 2390 di-

151 2451 272 2513 gammo
294 2433 470 2508 instructae,
494 2432 652 2494 exaltare
674 2433 797 2508 formae,
820 2433 852 2493 in
873 2433 984 2514 quibus
1000 2432 1186 2511 digammum
1201 2433 1264 2495 iam

152 2539 353 2599 obmutuerat.
403 2538 463 2599 Per
490 2557 523 2598 11
553 2538 654 2618 ipsum
676 2541 780 2599 autem
799 2537 998 2617 intelligitur,
1033 2537 1090 2598 hoc
1111 2537 1142 2596 in
1163 2539 1264 2600 variis

152 2644 334 2704 carminibus
369 2643 456 2702 varie
494 2662 563 2703 sese
596 2643 709 2703 habere
745 2661 781 2704 ac
817 2643 914 2704 multa
942 2642 1064 2703 illorum
1094 2642 1266 2704 carminum

152 2748 278 2827 propius
300 2746 339 2806 ad
355 2765 455 2826 genus
471 2746 575 2826 epicae
592 2748 669 2807 artis
684 2746 855 2827 posteriore
870 2750 1007 2826 tempore
1018 2746 1138 2825 vigens,
1162 2746 1264 2809 hesio-

152 2853 243 2912 deum
262 2851 344 2928 dico,
370 2851 523 2912 accedere.
567 2848 604 2911 Id
626 2850 707 2932 quod
729 2851 761 2911 in
784 2850 937 2912 nonnullis
958 2849 1080 2930 hymnis
1100 2850 1265 2913 homericis

152 2956 234 3018 facili
263 2975 355 3037 opere
383 2959 487 3036 potest
510 2955 669 3034 cognosci,
706 2960 739 3016 at
760 2955 792 3016 in
814 2954 927 3036 hymno
950 2955 1064 3029 nostro,
1087 2973 1177 3034 quem
1197 2955 1265 3018 fera

153 3061 260 3122 eadem
282 3079 343 3142 qua
364 3059 531 3121 Homerum
550 3060 595 3121 uti
617 3059 724 3140 lingna
748 3059 833 3121 videt
855 3060 906 3141 qui
929 3078 999 3119 eum
1021 3059 1119 3120 obiter
1140 3060 1265 3121 tantum

154 3185 222 3226 cnm
243 3165 369 3227 Homeri
398 3165 583 3227 carminibus
606 3168 770 3245 comparet,
794 3174 866 3224 sunt
886 3182 986 3244 pauca
1000 3162 1143 3241 vestigia.
1176 3163 1263 3234 Quo·

154 3270 234 3331 cirea
256 3290 359 3346 nemo,
396 3271 449 3351 qui
473 3270 640 3330 carminum
657 3268 877 3329 homericorum
900 3286 999 3347 genus
1023 3266 1143 3327 dicendi
1166 3269 1265 3344 novit,

153 3375 301 3457 requiret,
330 3380 364 3436 111
392 3375 498 3456 hymni
526 3374 689 3435 dictionem
718 3373 806 3455 quasi
834 3371 1018 3433 homericam
1043 3388 1196 3452 exponam
1220 3408 1266 3418 -

154 3499 284 3562 namque
320 3483 386 3540 tum
420 3479 648 3558 grammaticam
674 3477 797 3539 dialecti
825 3477 996 3538 homericae
1024 3477 1153 3537 condere
1189 3477 1266 3540 mihi

155 3604 231 3665 opus
262 3586 354 3645 esset.
397 3581 444 3644 Ac
474 3583 545 3665 quia
566 3583 724 3645 Koehnius
753 3583 785 3644 in
807 3581 1051 3664 ,quaestionibus
1074 3581 1208 3642 metricis
1233 3587 1268 3646 11

155 3689 362 3769 grammaticis
390 3688 428 3748 de
457 3688 579 3769 hymnis
600 3688 779 3750 homericis‘
799 3687 900 3765 (Halis
917 3687 1014 3764 1865)
1036 3704 1134 3766 paene
1156 3705 1266 3749 omnes

154 3793 262 3875 hymni
288 3793 386 3855 nostri
412 3794 524 3854 formas
551 3793 720 3854 homericas
743 3792 900 3872 congessit
921 3826 965 3835 -
987 3791 1026 3851 ad
1048 3809 1138 3871 quem
1159 3791 1266 3854 reiicio

156 3919 233 3974 eum,
250 3899 301 3980 qui
316 3899 456 3979 exempla
472 3899 595 3979 singula
610 3917 794 3976 cognoscere
809 3897 886 3957 velit
900 3931 951 3972 —,
966 3896 1073 3970 restat,
1089 3897 1124 3954 111
1139 3895 1267 3957 demon-

157 4004 260 4078 strem,
282 4021 372 4084 quam
393 4003 499 4084 paucis
521 4003 596 4063 loeis
619 4002 751 4083 hymnus
775 4004 812 4063 ab
836 4001 962 4062 Homeri
984 3998 1117 4060 dictione
1132 3998 1269 4064 recedat.

155 4105 245 4168 Unde
276 4109 370 4169 multo
400 4107 523 4169 brevior
549 4105 603 4167 fiet
632 4106 708 4168 haec
738 4108 776 4168 de
805 4107 924 4168 dicendi
954 4123 1069 4186 genere
1095 4103 1268 4183 disputatio

156 4229 248 4292 quam
276 4213 314 4273 de
344 4233 377 4273 re
403 4211 542 4286 metrica,
572 4211 611 4270 de
642 4230 702 4292 qua
734 4210 847 4272 fusiore
867 4209 1074 4290 disputatione
1094 4226 1171 4286 opus
1194 4228 1270 4273 esse

156 4319 315 4395 putabam,
334 4336 428 4397 quum
448 4334 499 4376 res
520 4325 604 4376 11111
625 4314 776 4377 difficilior
798 4333 833 4375 ao
855 4314 955 4375 minus
978 4314 1093 4393 aperta.
1139 4311 1212 4382 Qua
1234 4313 1270 4377 in
