2828 4814
594 379 935 437 ⁸-51-·

149 586 207 648 que
236 567 333 647 ipsam
360 568 388 628 ei
416 567 512 627 offert.
566 564 633 625 Hac
662 584 696 625 re
726 567 914 646 quantopere
942 564 1056 644 pudor,
1089 583 1128 624 ne
1158 564 1257 624 dicam

147 673 268 746 noster,
289 672 346 731 sed
370 672 464 732 etiam
486 667 677 730 Graecorum
698 672 840 730 veterum
865 668 970 729 laesus
998 669 1038 728 sit
1057 668 1127 749 quis
1149 669 1256 746 negat?

148 773 254 854 Neque
281 775 383 835 minus
415 775 452 834 ab
486 774 601 834 usitata
632 776 663 833 et
693 791 711 833 a
740 770 869 834 Graecis
902 777 1049 852 percepta
1084 773 1257 852 cognitione

144 876 275 938 Veneris
300 880 405 954 abest,
428 880 463 937 ut
488 878 516 937 ei
539 877 638 938 tutela
658 877 832 937 bestiarum
855 877 896 937 sit
919 878 1092 951 commissa,
1116 896 1207 958 quam
1229 877 1257 937 ei

148 981 257 1062 hymni
278 1001 330 1041 vv.
355 984 483 1042 69-74
506 981 680 1041 obtrudunt.
724 980 810 1041 Haeo
831 981 911 1041 inter
934 981 1013 1041 alius
1038 982 1128 1056 deae,
1151 981 1259 1041 Rheae

146 1085 199 1145 vel
221 1084 370 1164 Cybeles,
402 1085 505 1145 munia
530 1105 600 1146 esse
629 1104 718 1145 nemo
749 1086 880 1164 ignorat.
924 1084 1028 1167 Atque
1057 1106 1115 1166 ego
1145 1105 1258 1166 nequa·

148 1177 240 1269 quam
262 1187 476 1250 affirmaverim
497 1190 592 1249 —id
615 1188 695 1270 quod
719 1189 779 1249 iam
801 1188 990 1250 Matthiaeus
1010 1189 1065 1250 1.1.
1081 1191 1201 1270 respuit
1217 1225 1255 1233 —

148 1292 276 1353 Homeri
298 1294 490 1355 describendi
511 1293 623 1353 rationi
656 1312 727 1353 esse
755 1296 1007 1369 consentaneum,
1028 1293 1113 1355 Iovis
1136 1295 1259 1355 numine

150 1415 284 1457 amorem
320 1398 474 1458 fervidum
504 1395 634 1457 Veneris
665 1397 764 1457 animo
796 1396 980 1458 instillatum
1021 1398 1120 1459 esse1.
1179 1397 1259 1459 Nam

150 1500 222 1582 quid
251 1501 291 1561 ad
320 1499 428 1561 Iovem
458 1501 614 1580 pertinent
653 1521 703 1562 res
731 1501 898 1561 amatoriae
934 1501 1003 1562 aliis
1033 1503 1259 1564 obtrudendas?

149 1602 258 1684 Ipsum
278 1623 353 1664 vero
375 1602 482 1665 lovem
503 1604 683 1684 saepissime
705 1605 887 1666 feminarum
909 1605 1084 1666 mortalium
1107 1607 1259 1667 amoribus

149 1708 318 1788 deperiisse
340 1707 492 1768 Homerus
515 1710 547 1769 et
576 1709 629 1768 alii
651 1706 839 1770 Graecorum
860 1709 1026 1789 scriptores
1053 1710 1260 1788 tradiderunt3

148 1831 300 1894 nusquam
338 1815 440 1873 autem
485 1813 632 1892 aliquem,
677 1813 849 1893 quicunque
880 1816 943 1887 est,
977 1813 1118 1893 Iuppiter
1157 1834 1259 1875 amore

149 1917 323 1977 inflammat.
373 1915 440 1976 Nec
471 1916 572 1975 miuus
606 1913 731 1974 offendit
772 1915 853 1995 quod
891 1914 1008 1975 Dianae
1045 1917 1128 1976 cordi
1166 1917 1261 1978 esse²

149 2021 301 2080 iustorum
313 2019 450 2078 virorum
464 2019 572 2078 urbam
587 2019 738 2077 narratur.
784 2017 872 2087 Quae
895 2018 994 2079 tutela
1009 2019 1046 2094 ei,
1071 2019 1171 2100 quoad
1188 2021 1259 2097 seio,

153 2140 253 2201 neque
283 2122 320 2180 ab
349 2119 482 2180 Homero
511 2120 672 2180 commissa
699 2123 748 2180 est
786 2140 884 2201 neque
912 2123 949 2182 ab
981 2122 1040 2183 alio
1071 2119 1262 2184 Graecorum

155 2223 305 2303 scriptore
345 2225 476 2303 excepto
513 2223 645 2283 fortasse
680 2223 833 2285 Pausania
845 2222 866 2301 ³,
907 2226 960 2307 qui
997 2226 1093 2287 tradit
1132 2226 1261 2288 Dianam

152 2327 235 2407 apud
265 2326 420 2387 Phocaeos
447 2329 482 2387 ut
511 2327 599 2387 deam
621 2320 777 2411 πατρῴαν
803 2348 872 2390 esse
896 2329 1009 2392 cultam
1021 2330 1041 2390 ⁴.
1097 2329 1177 2391 Dein
1198 2330 1260 2391 Ho-

150 2451 252 2493 merus
273 2431 403 2492 Vestam
425 2431 515 2491 deam
535 2432 655 2492 omnino
678 2430 826 2512 ignorat5,
850 2453 922 2494 nam
944 2454 1007 2495 vox
1028 2426 1121 2494 ἑστία
1145 2435 1197 2493 vel
1219 2435 1262 2495 io-

152 2537 221 2596 nice
252 2527 339 2619 ἱστίη
367 2536 395 2596 ei
418 2540 467 2596 est
503 2532 617 2611 ‚focus’,
644 2540 676 2596 et
702 2536 825 2617 quidem
852 2537 883 2596 in
910 2538 1039 2598 solemni
1066 2537 1264 2598 iurisiurandi

153 2639 283 2701 formula
304 2642 424 2700 tantum
445 2657 509 2698 vox
533 2638 615 2718 apud
637 2658 707 2725 eum
728 2638 871 2701 exstat⁶z

440 2749 528 2841 ἱστίη
550 2754 577 2819 τ’
590 2751 742 2845 Ὀδυσῆος
764 2751 927 2840 ἀμύμονος
949 2795 991 2804 -

154 2880 275 2941 Primus
302 2879 458 2942 Hesiodus
479 2879 607 2941 Vestam
630 2881 735 2956 deam,
759 2880 895 2941 seduno
918 2880 1038 2940 tantum
1065 2879 1156 2940 looo⁷
1185 2899 1263 2941 com-

156 2987 311 3045 memorat.
329 2982 368 3043 In
375 2985 480 3044 nostro
488 3003 562 3043 vcro
571 2984 684 3064 hymno
695 2984 927 3051 locussummus
939 2984 1020 3044 inter
1028 2984 1101 3044 deos
1114 2985 1151 3045 ob
1159 2985 1263 3044 matri-

155 3086 288 3147 monium
302 3087 497 3167 repudiatum
508 3087 545 3146 ab
560 3085 636 3146 Iove
647 3086 677 3146 ei
687 3086 871 3148 conceditur.
901 3085 1065 3169 Nunquam
1080 3090 1154 3168 puto
1167 3086 1263 3149 Grae-

155 3209 207 3251 cos
220 3192 258 3251 ob
277 3197 406 3252 naturae
423 3190 512 3268 leges
534 3191 725 3270 contemptas
740 3208 775 3250 ac
793 3191 954 3272 despectas
970 3211 1037 3253 eam
1051 3194 1136 3252 tanto
1152 3192 1267 3252 honore

155 3293 317 3355 effecturos
346 3295 452 3355 fuisse.
477 3293 660 3354 —Deinde
684 3295 722 3355 de
746 3294 877 3356 Tithono
900 3315 999 3376 pauca
1021 3297 1115 3357 verba
1136 3299 1207 3355 sunt
1222 3297 1266 3355 fa-

156 3397 272 3459 cienda.
325 3396 477 3459 Homerus
502 3399 582 3458 enim
604 3399 723 3459 duobus
746 3398 847 3459 locis8
874 3419 945 3460 eum
965 3402 1194 3475 commemorat,
1214 3399 1267 3460 ubi

155 3503 259 3561 tamen
290 3501 356 3560 eius
387 3521 496 3562 nomen
528 3505 648 3563 tantum
681 3501 814 3563 affertur.
861 3504 1055 3585 Quamquam
1076 3523 1137 3563 non
1159 3504 1267 3582 ignoro

156 3624 217 3666 non
240 3603 352 3685 ubique
376 3623 445 3664 esse
466 3606 724 3680 concludendum,
754 3605 936 3683 Homerum,
958 3627 1051 3689 quum
1071 3607 1205 3669 fabulam
1227 3606 1284 3665 siv

228 3737 255 3807 1)
274 3737 386 3807 Hymni.
401 3753 425 3790 v.
447 3737 492 3792 45.

230 3823 258 3892 2)
276 3824 378 3893 Hymn.
391 3840 416 3879 u.
432 3824 473 3878 20.

228 3909 398 3979 anas
575 3967 578 3974 ,

227 3996 256 4065 4)
275 3993 397 4051 Gcrhard
414 3995 528 4066 Mythol.
540 3997 564 4065 ξ.
578 3996 728 4061 aaa-346,
748 3996 794 4064 qui
813 3997 837 4063 ξ.
851 3998 903 4052 328
921 3997 977 4050 not
991 3995 1007 4049 6
1026 3994 1105 4049 illum
1117 3993 1269 4049 Pausaniae

159 4083 250 4136 locum
267 4082 354 4136 affert.

228 4170 256 4238 5)
277 4168 399 4224 Gerhard
415 4169 433 4223 1.
446 4170 465 4223 1.
480 4169 505 4236 ἐ.
520 4169 579 4222 285.
616 4165 719 4220 Prellcr
731 4163 837 4220 Griech.
850 4165 964 4236 Mythol.
978 4165 1104 4237 (a.18534)
1116 4165 1138 4228 I,
1152 4180 1196 4231 pg.
1209 4161 1269 4215 266.

230 4257 256 4325 6)
277 4255 373 4324 Odyss.
390 4259 412 4320 ξ,
428 4256 492 4319 1593
510 4253 612 4325 ρ,156;
632 4273 655 4315 τ,
667 4253 735 4315 304;
754 4272 777 4315 u,
790 4250 850 4324 231.

233 4341 259 4411 7)
276 4342 377 4411 Theog.
390 4357 415 4395 v.
428 4342 490 4398 454.
592 4400 596 4406 ,

231 4427 259 4497 8)
275 4427 356 4482 Iliad.
369 4449 394 4492 v,
408 4427 471 4490 aaa
485 4424 581 4494 Odyss.
596 4441 616 4488 ε,
630 4424 655 4479 l.
687 4423 691 4429 '
