2828 4814
594 276 809 335 ..44-

147 482 330 546 quamquam
356 483 527 546 perpauca,
565 463 617 527 ubi
645 463 752 545 negari
775 463 893 546 nequit,
931 465 970 525 ad
991 482 1121 545 poeseos
1156 463 1259 524 hesio-

148 568 240 644 deao,
277 572 313 632 ut
339 570 384 631 ita
413 570 527 646 dicam,
561 569 719 649 ingenium
741 572 774 631 et
796 569 944 631 rationem
973 571 1096 649 poetam
1117 570 1262 630 nostrum

148 673 302 734 accedere.
345 672 469 736 Etenim
500 673 527 735 si
564 673 720 752 ingenium
750 673 927 735 hesiodeum
953 672 1086 734 Homero
1116 677 1260 753 respecto

147 776 330 838 certioribus
358 777 469 840 finibus
503 777 677 839 describere
707 777 854 854 volimus,
892 779 949 839 has
975 779 1040 839 fere
1061 796 1112 838 res
1132 778 1262 839 exstare

146 881 228 943 inter
247 883 410 964 utrumque
432 883 572 944 diversas
595 882 675 943 inter
696 881 780 942 viros
802 882 908 943 doctos
924 884 1053 957 constat,
1075 899 1262 963 quamquam

147 985 301 1046 Hesiodus
325 1006 446 1068 quoque
465 985 592 1047 Homeri
612 986 755 1069 loquendi
777 986 866 1047 modo
889 986 1085 1047 fundamento
1101 988 1151 1046 est
1165 1005 1261 1048 usus:

146 1089 278 1167 „Poesis
300 1090 445 1151 hesiodea
467 1094 517 1152 est
539 1090 719 1171 saepissime
741 1090 832 1151 exilis
855 1108 891 1151 ac
915 1090 1006 1166 dura,
1028 1090 1060 1151 in
1082 1108 1143 1172 qua
1166 1109 1262 1171 argu·

147 1198 251 1256 menta
290 1174 429 1256 nituntur
455 1195 612 1272 doctrina,
652 1194 765 1276 quippe
794 1214 887 1277 quum
913 1196 1005 1275 poeta
1031 1194 1141 1255 dooere
1169 1213 1263 1276 quam

148 1298 303 1360 delectare
324 1298 419 1360 malit.
450 1297 537 1363 Unde
561 1299 604 1375 fit,
626 1306 661 1360 ut
685 1318 784 1360 sermo
805 1299 969 1360 hesiodeus
992 1300 1263 1379 nonnunquamsit

149 1404 245 1465 durus
278 1421 314 1464 ae
344 1421 443 1483 paene
474 1404 606 1485 frigidus
632 1404 846 1484 contineatque
877 1403 989 1465 multas
1012 1422 1105 1464 voces
1126 1422 1143 1463 e
1163 1403 1260 1465 variis

148 1504 337 1570 Graecorum
372 1507 514 1583 dialectis
553 1510 720 1588 sumptas.“
777 1508 930 1579 Quocirca
962 1508 1085 1588 saepius
1113 1506 1256 1569 orationis

147 1611 319 1674 homericae
337 1613 407 1674 lene
427 1616 460 1674 et
481 1612 641 1695 aequabile
652 1612 765 1673 flumen
779 1612 998 1673 desideramus.
1032 1608 1163 1673 Accedit
1177 1611 1261 1693 quod

148 1715 303 1779 Hesiodus
320 1717 434 1778 multas
449 1737 542 1779 voees
559 1735 709 1778 novas-
724 1717 906 1778 Fietkavius
922 1718 1079 1797 computat
1092 1718 1261 1779 voces530

148 1857 190 1864 —
210 1822 250 1883 ad
267 1842 357 1882 suum
372 1821 469 1903 ipsius
487 1822 646 1883 arbitrium
657 1821 747 1883 finxit
757 1840 910 1904 vopesque
921 1840 983 1882 non
994 1819 1263 1900 rarosignificatu,

148 1927 194 1989 uti
215 1927 328 2002 dicunt,
347 1928 496 1989 translato
520 1927 643 1989 admisit
662 1947 719 1989 nec
739 1946 801 1988 non
822 1946 879 2008 per
900 1926 1042 1988 facetiam
1063 1924 1264 1989 Doriensium

148 2031 245 2093 multa
270 2051 289 2092 e
318 2032 470 2093 contrario
493 2032 632 2108 denotat,
654 2031 698 2093 ita
719 2039 754 2092 ut
776 2032 900 2112 saepius
923 2031 1064 2110 singulae
1088 2031 1265 2092 sententiae

148 2136 215 2197 sine
245 2135 310 2196 ulla
337 2136 401 2196 fere
430 2135 572 2197 iunctura
598 2155 668 2197 sese
690 2136 846 2216 excipiant
867 2142 900 2197 et
917 2134 1045 2196 Homeri
1066 2133 1179 2196 eximia
1208 2135 1265 2196 de-

149 2239 303 2302 scribendi
318 2239 456 2301 efficacia
470 2245 501 2301 et
517 2240 719 2301 continuitate
731 2244 863 2302 careant.
903 2240 1022 2312 Quodsi
1035 2239 1068 2300 in
1079 2239 1264 2302 universum

148 2344 328 2419 iudicamus,
350 2344 389 2405 ad
411 2345 519 2420 utrius,
542 2343 667 2406 Homeri
689 2363 730 2405 an
751 2342 888 2421 Hesiodi,
911 2344 1068 2425 ingenium
1090 2362 1126 2404 ac
1140 2343 1265 2407 dicendi

150 2449 301 2511 rationem
337 2449 470 2531 hymnus
509 2453 616 2512 noster
645 2449 772 2530 propius
801 2450 942 2526 accedat,
982 2468 1020 2509 ne
1049 2467 1110 2509 uno
1139 2449 1266 2530 quidem

152 2555 266 2634 puncto
290 2555 436 2635 temporis
461 2555 602 2616 dubitare
623 2574 788 2636 possumus
811 2553 947 2636 profiteri
961 2553 1088 2615 Homeri
1097 2553 1265 2615 dictionem

151 2677 187 2720 ac
201 2659 353 2720 sentiendi
368 2660 490 2720 modum
502 2662 625 2739 poetam
639 2663 781 2722 nostrum
792 2661 925 2722 maxime
941 2660 1036 2741 sequi.
1065 2657 1109 2722 Ut
1119 2660 1266 2738 exempla

149 2781 270 2843 ponam,
282 2763 327 2824 sic
340 2762 372 2823 in
385 2764 543 2825 formando
561 2763 697 2843 genitivo
713 2765 830 2824 numeri
843 2764 1010 2845 singularis
1025 2762 1266 2825 masculinorum

150 2867 267 2948 primae
296 2867 508 2929 declinationis
539 2871 632 2949 poeta
661 2871 767 2929 noster
788 2868 926 2950 sequitur
948 2867 1129 2943 Homerum,
1160 2867 1205 2928 ita
1227 2870 1266 2930 ut

152 2991 257 3033 casum
288 2973 382 3034 istum
412 2992 532 3053 semper
565 2973 671 3035 in-ae)
707 2975 817 3035 formet
850 3008 893 3017 -
912 2965 1069 3053 Ἀγχίσεω
1091 2972 1122 3032 in
1144 2992 1196 3034 vv.
1219 2973 1262 3035 53

151 3081 183 3138 et
207 3081 279 3152 126,
286 3068 412 3160 Ἕρμεω
419 3077 451 3137 in
466 3098 495 3139 v.
505 3081 566 3139 148
586 3113 634 3154 -,
646 3098 706 3139 non
721 3079 753 3139 in
765 3098 857 3155 -oo,
873 3075 1265 3161 quamformamHesiodus

152 3181 283 3243 admisit.
334 3182 428 3243 Porro
461 3182 493 3242 in
520 3203 544 3242 ν.
568 3187 631 3243 214
661 3184 759 3243 forma
789 3174 842 3244 ἔόι
863 3185 982 3258 exstat,
1012 3201 1072 3263 qua
1094 3181 1264 3244 Homerum

153 3285 342 3367 saepissime,
363 3284 533 3347 Hesiodum
555 3305 711 3369 nunquam
729 3306 820 3348 usum
839 3306 910 3348 esse
924 3285 1105 3366 Kruegerus
1128 3286 1217 3348 docet
1228 3288 1264 3348 in

152 3409 248 3471 gram.
275 3390 347 3451 dial.
374 3409 511 3470 graecar.
535 3394 585 3467 38,
619 3396 648 3466 2,
672 3395 701 3452 4.
752 3391 871 3453 Deinde
900 3392 1108 3453 adnotandum
1126 3395 1190 3466 est,
1229 3391 1264 3454 in

151 3495 265 3575 hymno
287 3497 393 3555 nostro
415 3514 455 3556 ex
476 3514 560 3556 more
582 3493 709 3557 Homeri
730 3496 828 3558 dativi
850 3495 940 3574 singl.
961 3515 1042 3556 num.
1064 3494 1106 3556 H.
1129 3495 1264 3557 declina-

152 3598 245 3659 tionis
276 3598 404 3660 formam
426 3600 457 3661 in
480 3635 523 3644 —
552 3619 589 3662 oo
607 3601 798 3662 desinentem
823 3601 945 3680 saepius
969 3603 1094 3662 exstare
1116 3617 1207 3682 qnam
1230 3601 1265 3663 in

155 3707 431 3779 -otoexeuntem,
440 3704 694 3787 quumHesiodus
702 3705 857 3787 ceterique
865 3704 1264 3787 hymnihomerioiutreque

153 3810 250 3869 forms
269 3807 395 3887 perinde
417 3809 467 3871 usi
489 3810 560 3871 sint.
602 3808 690 3870 ldem
708 3817 756 3870 est
772 3809 967 3871 iudicandum
979 3810 1018 3870 de
1033 3808 1137 3869 dativo
1151 3809 1265 3888 plural.

154 3932 234 3973 nuru.
265 3912 404 3975 declinet.
426 3913 474 3990 H,
505 3915 618 3996 quippe
647 3934 740 3995 quum
766 3918 859 3995 poeta
885 3920 991 3976 noster
1021 3931 1089 3974 eom
1113 3934 1153 3975 ex
1178 3933 1266 3976 more

154 4016 280 4078 Homeri
306 4017 337 4078 in
362 4054 400 4062 -
425 4035 490 4080 οισι
514 4019 545 4079 in
564 4039 615 4079 vu.
639 4018 679 4079 52
702 4017 759 4094 bis,
782 4020 832 4094 54,
854 4022 926 4094 106,
948 4023 1020 4094 204,
1043 4018 1116 4094 259,
1138 4037 1198 4078 non
1222 4039 1265 4081 ex

154 4140 238 4182 more
260 4119 389 4183 Hesiodi
409 4122 441 4182 in
463 4158 503 4164 —
525 4143 574 4195 οις
594 4123 712 4183 formet.
756 4121 904 4184 Extremo
926 4124 993 4184 loco
1016 4122 1126 4198 affero,
1152 4141 1263 4185 vocem
1315 4186 1318 4194 ,

156 4227 300 4299 rescisos
328 4225 528 4301 homericam,
564 4245 642 4307 quae
671 4247 770 4309 neque
799 4229 881 4307 apud
899 4227 1069 4289 Hesiodum
1097 4246 1197 4308 neque
1228 4230 1261 4291 in

156 4330 266 4391 ceteris
287 4330 408 4410 hymnis
424 4330 585 4391 homericis
600 4330 722 4411 legitur,
743 4333 774 4392 in
789 4331 894 4414 hymni
908 4333 1005 4393 nostri
1019 4353 1048 4393 v.
1064 4336 1123 4394 241
1136 4338 1265 4399 exstare
