2828 4814
603 379 819 438 ...75-

151 565 217 626 looo
242 564 462 627 celeberrimo¹
493 567 617 646 praeter
637 564 722 624 illam
739 565 771 624 in
792 563 849 624 Ida
876 564 967 626 sitam
981 561 1108 646 Gergim
1130 564 1162 625 in
1184 582 1260 642 agro

67 686 70 691 ’
151 668 285 731 Cumano
314 688 411 750 prope
443 670 483 730 ad
505 669 662 730 Larissam
692 669 800 728 urbem
821 666 1006 747 Gergithum
1034 668 1086 729 vei
1108 665 1262 746 Gergithii

151 771 305 834 conditam
333 773 438 834 fuisse.
484 773 677 852 Quamquam
703 792 778 834 vero
800 773 879 834 hane
899 775 1007 834 urhem
1025 770 1211 852 Gergithum
1230 773 1262 832 in

153 876 288 941 Cumano
305 877 397 936 sitam
411 911 454 920 -
465 896 575 957 nempe
591 871 695 959 Κύμη,
708 873 841 937 Aeolum
857 877 975 937 colonia
989 877 1022 937 in
1036 874 1113 937 Asia
1136 876 1260 952 minore,

151 983 200 1042 est
224 979 492 1058 intelligenda-
514 981 715 1059 antiquiorem
744 998 815 1040 esse
837 998 926 1059 quam
947 976 1077 1060 Gergim
1098 975 1164 1064 (vel
1185 977 1262 1041 Ger-

152 1083 254 1163 githes
273 1083 325 1145 vel
347 1081 554 1163 Gergithium)
575 1084 607 1144 in
627 1082 686 1144 ida
707 1083 860 1144 conditam
884 1081 995 1144 Strabo
1023 1085 1130 1164 putat,
1159 1085 1262 1144 tamen

151 1188 208 1248 hoc
235 1187 302 1248 ioco
332 1206 402 1248 esse
433 1188 689 1268 comprobandam
718 1189 793 1268 puto
821 1181 974 1248 Athenaei
1007 1187 1190 1248 sententiam
1220 1208 1261 1247 ex

152 1291 300 1355 Clearchs
314 1288 414 1367 Soleo,
434 1289 613 1353 Aristotelis
629 1291 778 1371 discipulo
801 1291 978 1367 clarissimo,
1001 1292 1137 1372 petitam.
1180 1289 1261 1352 Nam

152 1395 212 1456 etsi
240 1395 272 1455 in
299 1396 358 1456 hac
384 1396 514 1457 historia
535 1396 706 1456 enarranda
726 1395 840 1455 multos
861 1393 1006 1456 errores⁵³
1034 1398 1072 1456 ab
1092 1393 1260 1470 Athenaeo,

151 1519 241 1578 quem
268 1519 309 1560 ex
339 1500 462 1579 optimis
496 1503 637 1560 veterum
671 1499 855 1580 scriptorum
887 1501 1021 1560 fontibus
1053 1501 1119 1561 sine
1148 1499 1260 1560 indicio

152 1603 257 1665 subtili
279 1606 311 1664 et
330 1603 475 1664 interiore
495 1604 668 1664 litterarum
684 1596 878 1683 antiquarum
893 1603 1021 1665 scientia
1041 1604 1154 1664 multos
1175 1603 1261 1664 locos

151 1707 346 1787 excerpsisse
368 1708 450 1768 inter
468 1728 571 1769 omnes
593 1708 677 1769 viros
701 1708 807 1769 doctos
830 1709 967 1784 constat,
990 1708 1167 1767 commissos
1190 1725 1260 1767 esse

151 1810 337 1889 Klausenius
362 1813 520 1893 exposuit,
550 1814 654 1873 tamen
683 1830 745 1871 non
764 1830 891 1891 possum
912 1813 1027 1888 facere,
1054 1812 1126 1891 quin
1153 1811 1185 1871 in
1215 1829 1261 1886 oo,

152 1916 234 1996 quod
270 1916 310 1976 ad
346 1917 391 1977 rei
429 1933 577 1976 summam
609 1914 761 1995 pertinet,
799 1911 959 1974 Athenaeo
989 1915 1141 1976 assentiar
1169 1934 1261 1994 quum

151 2023 278 2100 propter
298 2019 500 2080 clarissimum
516 2018 656 2082 Clearchi
678 2018 892 2094 testimonium,
915 2019 994 2098 quod
1015 2019 1071 2078 hoo
1084 2019 1152 2078 loco
1164 2016 1260 2080 Athe-

152 2142 248 2184 naeus
263 2125 313 2183 est
329 2125 462 2198 secutus,
478 2125 543 2182 tum
556 2121 626 2200 quia
638 2121 860 2182 missisceteris
868 2121 907 2182 de
919 2121 976 2183 hac
984 2141 1018 2182 re
1032 2123 1261 2202 quaestionibus

153 2245 227 2287 sane
238 2228 333 2286 multo
349 2225 451 2306 aptius
461 2224 584 2286 videtur
595 2225 781 2302 existimare,
798 2224 945 2286 Troianos
961 2230 1032 2306 post
1042 2225 1164 2286 Troiam
1177 2227 1259 2286 diru-

152 2332 217 2390 tam
244 2331 277 2391 in
313 2331 382 2390 loca
423 2331 461 2390 ab
491 2329 628 2410 ipsorum
657 2332 751 2408 gente
781 2330 841 2390 iam
872 2329 943 2391 inde
979 2332 1017 2391 ab
1050 2330 1260 2410 antiquissimo

152 2437 288 2515 tempore
312 2438 458 2514 occupata
480 2436 512 2494 et
532 2433 607 2494 Idae
628 2434 741 2495 montis
752 2434 887 2496 -saltibus
909 2453 945 2495 ac
962 2435 1101 2495 faucibus
1121 2434 1260 2513 deruptis

154 2537 231 2598 satis
259 2538 376 2598 munita
406 2557 475 2599 sese
503 2538 670 2598 contulisse
699 2556 735 2598 ae
764 2540 873 2618 postea
893 2538 1011 2598 viribus
1034 2537 1168 2618 receptis
1188 2537 1260 2597 inde

150 2641 285 2702 colonias
298 2641 473 2716 deduxisse,
489 2658 578 2720 quam
589 2641 776 2702 descendere
792 2641 824 2701 in
834 2642 1040 2720 quaestionem
1051 2640 1259 2701 difficillimam

149 2763 184 2805 ao
203 2763 302 2825 paene
333 2762 394 2804 non
416 2745 641 2805 diiudicandam
667 2744 705 2804 de
725 2743 911 2806 Teucrorum
935 2746 991 2806 vel
1020 2764 1060 2806 ex
1083 2744 1186 2825 Cypro
1208 2748 1260 2809 vel.

150 2869 190 2908 ex
211 2848 305 2912 Oreta
333 2848 443 2910 insulis
472 2850 616 2910 adventu.
660 2846 704 2910 At
732 2868 771 2938 ne
795 2850 863 2929 quis
878 2852 981 2929 putet,
1007 2849 1078 2909 illos
1100 2846 1258 2909 Strabonis

150 2953 181 3011 et
203 2950 355 3013 Athenaei
376 2953 460 3013 locos
482 2972 543 3013 non
567 2953 643 3013 satis
667 2973 745 3030 esse,
767 2953 877 3031 quibus
900 2951 1051 3014 efficiatur
1069 2953 1101 3013 in
1124 2952 1258 3015 Cumano

149 3054 433 3135 fuisscGergithes,
456 3057 751 3117 commemorandum
773 3060 830 3132 est,
853 3057 885 3117 in
899 3058 966 3133 hac,
991 3058 1029 3118 de
1052 3075 1112 3135 qua
1128 3057 1258 3134 agimus,

149 3161 224 3221 urbe
245 3164 354 3221 natum
373 3178 443 3220 esse
459 3158 684 3238 Oephahonem,
708 3162 888 3241 scriptorem
909 3161 1106 3223 historiarum
1129 3162 1167 3221 de
1183 3160 1257 3221 Tro-

149 3266 288 3337 ianorum
309 3263 493 3343 migratione
514 3268 545 3323 et
560 3262 684 3326 Aeneae
708 3266 739 3325 in
753 3264 847 3326 Italia
861 3267 1005 3341 adventu,
1027 3265 1066 3325 de
1091 3284 1149 3344 quo
1169 3265 1258 3326 docte

148 3367 319 3426 Loheckius
334 3369 366 3428 in
376 3365 590 3448 Aglaophamo
607 3368 770 3431 disseruit³
786 3388 821 3430 ac
836 3389 926 3448 quem
940 3367 1078 3446 Strab04,
1089 3349 1258 3449 Dionysius

148 3469 433 3532 Halicarnassensis
446 3469 474 3548 ⁵,
501 3471 615 3534 Festus
628 3473 656 3550 ⁶,
685 3475 738 3535 aiii
763 3473 1006 3535 nominaverunt.
1051 3473 1202 3544 Quocirca
1231 3474 1258 3533 si

147 3595 208 3636 non
231 3592 338 3653 negas,
363 3574 577 3656 Cephalionem
599 3577 685 3637 illum
704 3578 822 3639 vixisse
845 3578 939 3639 —id
959 3579 1039 3658 quod
1060 3597 1176 3658 negare
1197 3597 1258 3638 non

218 3834 244 3903 1)
264 3835 427 3907 Vng.256.
447 3838 623 3915 τούτουγάρ,
636 3842 765 3908 (iciuraa,
784 3845 833 3896 τοῦ
841 3838 943 3896 στόλου
962 3841 1047 3912 (solet.
1055 3847 1107 3897 τοῦ
1122 3840 1257 3916 Τεύκρου)

147 3919 218 3978 τινὲς
236 3920 466 3984 οἴποσπασθέντες
484 3927 513 3979 ἐν
531 3933 563 4000 τῇ
581 3933 697 3999 Κυμαίᾳ
716 3933 863 3998 κατέσχον.

217 4007 245 4075 2)
264 4008 303 4061 sic
313 4009 475 4065 Teucrorum
493 4013 600 4069 nomine
617 4015 647 4068 in
665 4015 854 4084 gravissimum
867 4029 983 4069 errorem
1001 4013 1034 4070 de
1044 4016 1144 4072 Teucro
1162 4015 1258 4070 harum
1349 4052 1352 4057 ·

146 4092 253 4147 urbium
271 4095 408 4151 conditore
425 4097 551 4154 inductus
569 4103 619 4155 est.

217 4182 244 4251 3)
262 4198 308 4250 pg.
327 4182 474 4240 995-997.

217 4268 245 4337 4)
261 4267 330 4323 XHI
347 4286 392 4338 pg.
412 4272 471 4327 589.

220 4353 247 4421 5)
266 4353 289 4418 Ι,
308 4358 342 4411 49
362 4358 389 4411 et
406 4357 448 4413 82.

218 4440 245 4508 6)
262 4456 307 4511 pg.
325 4442 386 4499 453.
