2828 4814
603 342 822 403 -49-

147 536 197 594 est
223 552 323 613 usque
355 533 394 592 ad
427 534 568 612 tempus,
599 550 658 611 quo
692 531 826 611 hymnus
856 531 906 590 est
930 530 1125 609 compositus.
1173 530 1262 594 Unde

148 637 259 713 elucet,
288 636 435 716 hymnum
465 635 569 716 paullo
593 637 664 715 post
695 635 864 696 carminum
892 635 1114 695 homericorum
1143 639 1262 715 partem

149 740 287 800 ultimam
316 759 352 801 ac
384 740 549 818 genuinam
580 774 622 782 —
656 758 726 799 nam
762 739 799 799 de
829 738 968 819 partibus
995 737 1121 800 Homeri
1149 739 1262 819 spuriis

151 863 212 904 non
246 845 294 904 est
324 843 545 924 disputandum
572 878 613 886 -
644 861 715 903 esse
746 843 933 916 consectum,
967 842 1099 904 sortasse
1128 846 1262 904 exeunte

148 967 228 1008 nono
251 947 303 1008 vel
334 948 459 1008 ineunte
483 950 591 1008 octavo
614 946 736 1007 saeculo
766 945 1016 1008 antechristum
1042 950 1156 1007 natum.
1200 946 1261 1007 Ne-

150 1071 212 1132 que
233 1049 434 1111 Hoffmannus
458 1046 603 1134 (Quaest.
625 1050 705 1110 hom.
724 1048 766 1109 H.
786 1069 838 1129 pg.
863 1044 940 1134 190)
961 1050 1090 1109 multum
1113 1053 1201 1112 abest
1224 1052 1262 1110 ab

150 1154 290 1235 opinione
320 1157 443 1231 nostra,
463 1174 555 1236 quum
578 1154 676 1228 dicat,
708 1172 742 1213 se
770 1154 914 1213 maiorem
939 1153 1045 1234 hymni
1072 1158 1191 1233 partem
1214 1176 1261 1216 re-

149 1259 230 1318 ferre
253 1258 292 1317 ad
314 1276 382 1318 eam
406 1262 538 1319 aetatem
562 1256 753 1331 homericam,
775 1275 835 1336 qua
849 1254 957 1316 Iliadis
976 1257 1053 1318 liber
1068 1278 1168 1318 nonus
1191 1279 1260 1320 con-

149 1361 249 1421 fectus
273 1361 321 1422 sit.
359 1360 402 1422 At
426 1364 461 1422 ut
479 1362 558 1421 hauc
581 1362 682 1440 legem
703 1362 817 1441 hymno
838 1360 1011 1439 impositam
1033 1380 1068 1422 ac
1089 1366 1154 1423 tam
1169 1364 1261 1424 certis

150 1464 261 1525 finibus
291 1465 553 1545 circumscriptam
577 1465 731 1545 possimus
752 1481 858 1524 veram
890 1464 965 1539 reri,
994 1483 1072 1544 opus
1096 1467 1154 1527 fuit
1176 1465 1260 1527 Hoff-

150 1586 260 1629 manuo
284 1569 506 1629 accuratiorem
533 1569 695 1629 instituere
718 1566 963 1648 disquisitionem
985 1569 1017 1627 et
1039 1569 1129 1647 plura
1152 1567 1277 1655 afferre·

150 1674 343 1750 argumenta.

618 1811 769 1819 ——-—-

238 2001 359 2070 Quibus
379 1999 471 2059 rebus
493 1998 643 2077 expositis
673 1998 712 2057 de
739 1997 845 2077 hymni
874 2004 1055 2077 argumento
1084 2003 1256 2063 accuratius

150 2104 239 2163 nobis
262 2105 312 2162 est
332 2102 567 2182 disputandum,
596 2104 631 2161 ut
653 2100 798 2161 iudicium
826 2106 975 2182 quantum
1004 2106 1108 2183 potest
1141 2109 1257 2166 certum

152 2205 191 2265 de
214 2205 355 2266 carminis
379 2205 499 2283 origine
521 2205 602 2265 ferre
623 2205 785 2284 possimus.

199 4500 317 4558 Thtete,
337 4506 510 4558 Prolsgomsna.
