2828 4814
504 316 807 430 ’.Ατ-

157 559 227 618 266.
250 556 334 634 270),
355 557 407 618 ubi
427 557 479 618 ille
501 559 550 618 est
570 557 722 637 producta
743 575 784 616 ex
795 552 920 615 Homeri
940 573 1031 615 more.
1062 554 1166 625 Quum
1185 574 1260 615 vero

154 659 307 722 Hesiodus
329 662 448 724 duobus
471 680 592 743 quoque
612 660 689 721 locis
713 658 781 741 (Op.
791 681 820 720 v.
844 663 884 720 63
910 660 942 719 et
956 657 1071 738 Theog.
1089 680 1119 719 v.
1135 659 1197 720 585
1218 694 1261 702 —

153 786 229 847 quos
253 765 450 826 Hermannns
481 764 512 825 in
542 763 687 845 Opusonl.
708 762 763 839 Vl,
782 770 808 825 1.
827 766 976 843 pgg.178
997 765 1029 824 ct
1047 766 1110 824 224
1131 763 1261 824 mutavit

152 907 194 916 -
223 874 255 932 at
282 872 366 933 recte
389 867 579 950 Gottlingius
604 869 633 930 ei
665 887 725 930 non
748 868 998 949 obtemperavit),
1028 870 1137 948 poetae
1165 865 1261 928 Attici

151 994 226 1036 vero
261 993 382 1055 semper
413 974 498 1035 vocis
529 968 627 1035 καλὸν
648 973 781 1054 priorem
803 972 954 1054 syllabam
972 971 1137 1052 corripiant
1159 1006 1203 1015 -
1225 973 1261 1033 cf.

152 1077 318 1140 Hermann.
342 1079 381 1139 ad
404 1077 525 1159 Orphio.
547 1098 599 1158 pg.
621 1082 693 1152 817,
712 1076 843 1138 Brunclr.
858 1074 965 1138 Gnom.
986 1095 1037 1156 pg.
1055 1080 1115 1137 311
1133 1074 1261 1152 Sohaet,

153 1181 319 1243 Hermann.
348 1183 388 1244 ad
408 1181 547 1263 Sophool.
563 1181 689 1242 Philoot.
710 1184 865 1242 vv.1304
888 1182 1024 1242 et1381
1048 1215 1097 1255 -‚
1118 1182 1200 1260 puto,
1221 1200 1261 1241 ex

153 1307 212 1368 quo
243 1288 395 1367 tempore,
426 1284 554 1348 Hesiodi
585 1303 678 1365 opera
705 1287 737 1344 et
755 1284 888 1365 hymnus
910 1287 1015 1346 noster
1037 1284 1159 1345 condita
1180 1286 1261 1359 sunt,

154 1392 310 1474 antiquam
330 1391 471 1473 syllabae
491 1388 721 1470 productionem
741 1388 900 1469 paullatim
917 1408 1101 1451 evanescere
1122 1389 1262 1469 coepisse

152 1530 193 1539 -
216 1495 246 1556 id
273 1494 433 1576 quodiam
455 1494 486 1554 in
502 1493 728 1573 praepositione
747 1485 796 1554 ivl
814 1493 957 1555 vidimus.
1000 1491 1038 1552 In
1054 1493 1161 1572 lingna
1180 1493 1261 1553 enim

151 1598 309 1660 Senserita
337 1599 386 1677 (ef.
412 1595 470 1677 Gg.
494 1597 592 1663 Curtii
614 1595 804 1676 Grundaiige
834 1598 881 1658 cd.
905 1599 976 1657 test.
1001 1600 1083 1658 1869
1107 1616 1160 1677 pg.
1185 1598 1259 1674 134)

151 1702 316 1783 respondet
327 1701 396 1764 voci
410 1705 535 1763 nostrae
550 1702 733 1764 vocabulum
747 1701 875 1781 kal-jas
887 1702 1042 1780 ,gesund‘,
1057 1701 1259 1785 angenehm‘3

151 1807 239 1868 radix
259 1807 356 1888 igitur
368 1808 456 1883 ,kal‘
468 1828 525 1888 per
538 1855 547 1884 ‚
553 1807 584 1887 j‘
597 1810 647 1869 est
660 1809 841 1887 propagata,
864 1807 951 1868 cuius
962 1805 1097 1884 vestigia
1113 1805 1259 1866 habemus

149 1912 181 1971 in
209 1912 324 1993 duplici
352 1909 542 1974 Graecorum
570 1909 622 1988 ,l‘
642 1910 753 1988 (veluti
775 1906 952 1984 καλλιστος,
974 1905 1012 1971 τὸ
1034 1904 1162 1986 κάλλος)
1182 1910 1259 1970 assi-

150 2017 316 2078 mulatione
345 2018 427 2076 nata.
472 2015 579 2084 Quare
600 2012 751 2076 Graecam
774 2033 893 2094 quoque
916 2013 1045 2094 stirpem
1066 2010 1167 2092 ,aolj‘
1188 2033 1259 2093 pos-

151 2139 257 2180 sumus
285 2137 415 2198 ponere,
445 2137 523 2199 quae
546 2117 660 2199 duplici
681 2118 734 2178 via
756 2120 805 2179 est
826 2119 959 2178 mutata:
982 2116 1032 2177 vel
1054 2117 1086 2177 in
1108 2114 1188 2178 καλλ
1208 2116 1259 2177 vel

150 2223 182 2283 in
197 2216 263 2297 κᾶλ,
280 2241 412 2282 consona
427 2270 435 2298 ,
441 2222 471 2302 j‘
485 2222 581 2302 igitur
596 2222 715 2284 abiecta
731 2225 762 2283 et
776 2220 975 2302 productione
989 2220 1107 2282 vocalis
1117 2221 1259 2297 adhibita,

149 2345 240 2408 quam
268 2326 458 2406 grammatici
488 2330 643 2389 nostrates
674 2328 779 2389 dicum
809 2324 1107 2406 ,Ersatzdehnungt
1157 2324 1259 2407 Stirps

148 2433 251 2495 autem
273 2431 390 2493 auctior
411 2428 519 2507 ‚rol-³
541 2432 623 2512 apud
645 2431 813 2493 Homerum
833 2434 1012 2512 ceterosque
1035 2433 1142 2511 poetas
1155 2431 1258 2511 epicos

148 2537 260 2596 exstat.
304 2532 348 2597 At
370 2535 470 2615 prisco
492 2536 553 2597 iam
573 2544 712 2617 tempore
735 2537 857 2618 syllaba
875 2533 934 2596 κᾶλ
947 2535 1101 2596 interdum
1116 2535 1258 2615 corripie-

147 2639 239 2700 batur
271 2673 313 2684 -
343 2641 429 2702 ouius
459 2661 535 2702 usus
563 2643 661 2702 testes
693 2646 765 2702 sunt
787 2642 847 2701 duo
871 2641 923 2701 isti
944 2640 1056 2703 locist
1077 2638 1204 2701 Hesiodi
1226 2644 1259 2702 et

147 2744 254 2825 hymni
281 2745 386 2806 nostri.
431 2743 520 2809 Unde
550 2748 693 2827 apparet,
716 2745 937 2826 repudiandam
959 2765 1030 2806 esse
1051 2744 1164 2825 Ilgenii
1187 2764 1257 2806 con-

147 2849 294 2910 iecturam
322 2849 352 2909 in
383 2869 412 2909 v,
431 2854 472 2912 29
492 2848 548 2933 ,τῇ
569 2844 605 2912 δὲ
624 2844 733 2934 πατὴρ
755 2847 856 2911 δῶκεν
880 2844 977 2910 καλὸν
997 2842 1115 2931 ya'pug‘,
1139 2868 1174 2910 ac
1194 2851 1257 2911 fere

151 2952 265 3014 nullius
288 2973 358 3013 esse
379 2953 471 3032 pretii
493 2956 605 3034 poetae
624 2955 848 3029 excusationes,
871 2973 947 3036 quas
968 2952 1196 3016 Baumeisterus
1218 2955 1257 3016 ad

152 3075 181 3114 v.
206 3059 246 3118 29
270 3055 365 3117 affert.

621 3219 664 3286 lle
687 3220 787 3288 hiatu.

237 3358 274 3418 cf.
296 3356 445 3438 Spitaner.
468 3359 487 3420 l.
503 3360 522 3420 l.
545 3363 810 3440 pg.106-161.

237 3460 407 3524 Hoffmann
429 3464 448 3523 l.
469 3464 489 3524 l.
511 3465 543 3525 in
565 3467 696 3546 quaestt.
717 3464 772 3527 IV.
793 3468 825 3527 et
847 3466 964 3545 V(vol.
979 3466 1013 3527 H
1025 3487 1075 3547 pg.
1092 3473 1160 3528 1—
1173 3469 1257 3546 150),

149 3565 201 3627 ubi
225 3567 264 3627 de
286 3566 437 3646 digammo
459 3569 533 3649 agit.

240 3687 389 3758 Quaestio
420 3690 458 3749 de
494 3691 580 3751 hiatu
607 3691 758 3752 homerico
780 3696 830 3753 est
852 3712 926 3753 sane
949 3692 1081 3754 difficilis
1105 3697 1257 3773 uetante,

149 3793 184 3851 nt
210 3792 396 3871 peculiarem
425 3793 572 3856 conficere
602 3795 739 3856 libellum
766 3815 843 3876 opus
873 3797 913 3858 sit
943 3798 986 3873 ci,
1026 3797 1078 3879 qui
1104 3798 1142 3858 de
1172 3797 1258 3860 hiatu

148 3896 270 3976 copiose
292 3896 393 3958 dicere
414 3897 498 3959 velit.
543 3899 648 3969 Quare
670 3920 727 3962 nos
749 3900 870 3982 quidem
891 3901 978 3981 leges
1001 3909 1121 3962 tantum
1138 3903 1254 3983 praeci·

146 4017 226 4079 puas
241 3998 366 4061 Homeri
388 4002 587 4082 proferamus,
611 4023 697 4086 qnae,
720 4009 756 4065 ut
776 4023 926 4066 summam
939 4004 1030 4067 hnins
1047 4005 1143 4068 libelli
1159 4006 1257 4067 nostri

145 4103 316 4183 particulae
344 4104 590 4185 praemittamus,
622 4107 728 4187 hymni
757 4127 876 4189 quoque
907 4108 1005 4170 nostri
1030 4128 1154 4170 normae
1184 4111 1257 4169 sunt

146 4207 343 4269 certissimae.
359 4244 402 4254 -
413 4208 536 4290 Optime
552 4211 595 4272 ait
609 4208 791 4290 Spitnnerus
809 4212 911 4273 nescio
928 4233 986 4294 quo
1000 4211 1255 4288 loco:,Home1us

148 4309 264 4373 hiatum
282 4332 343 4373 non
353 4315 442 4393 fugit,
464 4314 519 4375 sed
536 4315 635 4376 vitat!
665 4312 743 4376 Sunt
758 4317 855 4395 igitur
869 4316 972 4378 hiatus
983 4318 1065 4396 apud
1080 4313 1255 4393 Homerum,

147 4412 200 4494 qui
229 4417 426 4481 excusatione
453 4419 574 4481 omnino
603 4422 728 4483 careant
761 4455 803 4467 -
827 4422 863 4482 cf.
883 4418 1033 4500 Spitzner.
1055 4420 1075 4480 l.
1089 4418 1109 4478 l.
1123 4436 1175 4497 pg.
1191 4423 1253 4482 136
