2828 4814
621 379 839 437 ..74-

181 548 358 608 meisterum
373 550 523 610 contendo
538 569 649 629 graece
664 549 734 610 illos
756 569 827 612 esse
842 551 968 613 locutos.
1011 549 1055 613 At
1077 569 1170 630 quum
1185 549 1292 631 hymni

182 653 279 713 nostri
310 653 475 714 orationem
502 654 718 733 dictionisque,
751 672 840 734 quam
868 657 994 730 uocant,
1020 657 1162 716 naturam
1192 655 1292 716 animo

182 767 290 817 166666
318 760 350 817 61
378 756 417 817 ad
447 759 604 818 obrussam
636 760 787 838 tamquam
816 759 940 839 generis
970 759 1090 820 dicendi
1112 759 1144 818 in
1165 758 1293 821 Homeri

183 859 366 922 carminibus
390 861 517 922 adhibiti
545 861 672 939 exigas,
701 861 857 938 invenies,
885 863 1031 943 hymnum
1053 882 1164 923 versus
1186 862 1293 924 decem

183 966 224 1039 (v.
248 965 298 1024 35.
322 967 372 1026 60.
396 969 447 1027 61.
471 969 520 1026 62.
545 968 595 1027 68.
618 969 666 1027 99.
691 969 763 1026 143.
787 969 858 1027 163.
882 970 954 1028 184.
977 966 1053 1045 235)
1068 966 1232 1046 integros²
1252 986 1294 1027 cx

183 1067 311 1129 Homeri
339 1069 522 1130 carminibus
551 1071 705 1150 sumptos,
733 1068 837 1130 decem
864 1071 927 1148 (59.
955 1074 1005 1132 98.
1029 1073 1100 1131 105.
1125 1073 1196 1132 169.
1221 1073 1294 1132 118.

187 1176 257 1234 139.
275 1176 347 1234 193.
364 1174 436 1234 215.
453 1176 524 1234 234.
542 1174 617 1251 238)
633 1191 732 1253 66666
754 1173 930 1248 homericos,
952 1185 1073 1234 centum
1089 1173 1202 1252 uiginti
1216 1173 1292 1234 duos

187 1297 298 1338 versus
309 1277 454 1338 formulas
470 1278 637 1339 homericas
653 1279 807 1339 imitantes
823 1275 1014 1339 continere.²
1036 1277 1126 1342 Unde
1141 1277 1242 1354 tiebat,
1257 1279 1294 1338 ut

183 1371 1296 1465 iamantiquihomineshymnumnominedpqqtamcoi‘cocpraeclarissimo

185 1488 334 1547 notarent.
379 1486 445 1547 Hoc
468 1506 605 1563 carmen,
634 1486 715 1566 quod
736 1487 878 1548 versibus
900 1506 1105 1566 versuumque
1132 1484 1296 1564 particulis

184 1609 322 1650 necnon
343 1592 469 1653 vocibus
496 1591 656 1652 homericis
686 1591 774 1668 quasi
795 1590 928 1651 abundat
950 1593 982 1652 61
1012 1591 1098 1651 66166
1129 1609 1228 1669 genus
1241 1590 1297 1678 ‘di-

185 1694 273 1753 cendi
301 1695 429 1772 gloriam
452 1695 618 1755 carminum
640 1695 860 1756 homericorum
892 1695 918 1754 si
940 1694 1020 1774 quod
1040 1694 1122 1755 aliud
1144 1694 1299 1772 adaequat

187 1799 218 1856 61
246 1797 326 1875 quod
354 1799 464 1859 ceteris
495 1797 681 1861 Graecorum
710 1800 892 1860 carminibus
930 1799 1024 1879 epicis
1055 1800 1211 1878 praestat,
1240 1799 1298 1859 hoc

186 1918 308 1961 carmen
339 1905 482 1983 apoeta,
513 1904 565 1983 qui
587 1902 724 1965 Graecus
752 1923 813 1964 non
843 1904 968 1980 fuisset,
995 1920 1067 1964 'esse
1096 1902 1299 1983 compositum

184 2024 338 2084 nunquam
362 2007 460 2066 auimo
483 2027 550 2068 meo
572 2008 758 2088 persuadere
780 2027 913 2089 possum.
956 2007 1052 2068 Immo
1083 2027 1158 2068 vero
1181 2027 1220 2067 66
1236 2026 1299 2068 666

188 2109 307 2188 quidem
335 2112 481 2190 temporis
508 2116 621 2191 puncto
651 2112 756 2172 dubito
785 2111 950 2187 affirmare,
990 2112 1135 2192 hymnum
1172 2129 1295 2191 compo-

186 2214 278 2274 situm
300 2233 370 2275 esse
395 2233 413 2274 a
433 2218 525 2295 poeta
543 2234 653 2295 gracco
676 2216 788 2296 optimo
813 2216 981 2295 etquidem
996 2217 1034 2275 65
1056 2234 1116 2275 uno
1131 2214 1296 2276 alterove³

186 2339 227 2378 ex
248 2319 409 2398 rhapsodis
431 2318 600 2396 homericis,
620 2321 672 2399 qui
694 2321 828 2381 carmina
849 2319 1001 2381 homerica
1014 2320 1125 2381 fecisse
1145 2319 1199 2380 vel
1222 2339 1295 2380 con-

186 2421 325 2482 texuisse
347 2441 387 2482 ex
406 2423 585 2502 quibusdam
607 2424 701 2505 epicis
718 2421 904 2485 Graecorum
919 2424 1102 2484 carminibus
1118 2423 1296 2502 antiquissi-

187 2525 245 2586 mis
272 2526 304 2585 et
333 2526 454 2606 optimis
483 2528 535 2588 vel
565 2546 602 2588 ea
623 2547 813 2608 propagasse
834 2527 982 2590 Wolfium
1011 2530 1044 2588 et
1066 2525 1297 2588 Lachmanuum
1407 2526 1408 2532 ’

186 2631 318 2690 6666166.
362 2629 471 2710 116666
493 2651 574 2692 6666
596 2632 802 2711 quaerendum
823 2635 887 2708 661,
911 2650 1040 2713 666666
1069 2631 1135 2692 1666
1158 2631 1296 2712 hymnus

184 2736 290 2793 noster
315 2717 503 2814 compositus
525 2754 596 2795 6666
618 2736 769 2796 videatur.

274 2837 345 2908 Qua
370 2838 403 2898 in
431 2858 465 2899 re
494 2839 624 2899 multum
653 2839 779 2919 expedit
805 2858 862 2900 nos
893 2858 987 2920 supra
1017 2839 1172 2914 docuisse,
1196 2839 1299 2899 totam

185 2941 292 3021 hymni
325 2943 461 3004 fabulam
496 2963 536 3004 ex
574 2943 774 3005 Troianorum
805 2944 857 3005 vel
885 2941 1065 3005 Aeneadum
1102 2942 1300 3023 mythologie

187 3065 256 3106 esse
280 3050 440 3126 sumptam,
462 3048 494 3108 in
517 3067 576 3128 qua
597 3047 681 3109 illam
700 3049 738 3108 de
753 3046 908 3109 Anchisae
931 3052 962 3109 et
977 3047 1108 3108 Veneris
1124 3065 1299 3126 congressu

186 3150 320 3211 fabulam
342 3152 534 3213 tenacissime
559 3172 629 3213 esse
652 3154 807 3213 servatam
832 3153 974 3213 uidimus.
1017 3151 1075 3212 His
1098 3153 1202 3236 66166
1224 3169 1298 3212 con-

187 3255 284 3315 cessis
306 3275 362 3335 666
385 3255 538 3337 seipsum
558 3257 667 3336 116661,
690 3276 752 3318 666
773 3258 872 3317 66166
894 3257 1005 3317 inillis
1027 3256 1161 3332 duabus,
1186 3255 1242 3316 sed
1265 3255 1300 3315 in

188 3359 327 3421 omnibus
354 3359 535 3422 Aeneadum
556 3361 682 3422 urbibus
711 3361 808 3436 illam,
838 3361 877 3421 de
906 3379 964 3441 qua
993 3361 1130 3440 agimus,
1159 3359 1300 3422 fabulam
1362 3356 1365 3362 ’

188 3482 335 3543 viguisse.

276 3566 396 3630 Scimus
426 3572 529 3631 66166
559 3589 600 3630 ex
619 3566 794 3631 Strabonc⁴
816 3571 848 3630 et
868 3568 1061 3649 potissimum
1081 3587 1121 3628 ex
1143 3565 1300 3629 Athenaei

261 3869 287 3938 1)
304 3869 488 3925 Windischins
505 3872 546 3925 De
563 3871 653 3940 hymn,
679 3870 750 3925 hom.
768 3871 861 3924 maior.
880 3888 926 3940 pg.
939 3870 973 3925 42
990 3869 1127 3938 66666161
1143 3867 1245 3937 viginti
1265 3899 1299 3910 -

192 3957 221 4009 at
238 3972 332 4010 versus
350 3958 392 4012 59.
413 3958 455 4013 98.
474 3960 532 4012 105,
552 3959 610 4012 109.
631 3958 764 4013 118.139.
783 3956 841 4013 193.
859 3957 918 4012 215.
935 3957 996 4011 234.
1009 3956 1060 4010 238
1078 3972 1132 4009 666
1147 3955 1249 4026 integri
1268 3973 1301 4012 cx

189 4041 306 4096 Homero
323 4044 388 4096 sunt
403 4042 491 4112 petiti.

261 4145 287 4211 2)
306 4145 340 4198 61.
360 4146 508 4204 Windisch.
528 4148 578 4201 l.1.
598 4147 692 4216 6612
704 4164 762 4217 sqq.

260 4247 288 4316 3)
306 4247 350 4301 Fr.
368 4247 438 4317 Aug.
457 4248 549 4303 Wolfii
566 4250 669 4319 proleg.
683 4248 718 4303 ad
737 4250 882 4304 Homerum
903 4267 948 4319 pg.
962 4250 1067 4306 63-64
1085 4250 1138 4320 (ed
1150 4248 1188 4304 H.
1207 4249 1300 4322 1859).

257 4350 286 4420 4)
312 4349 382 4406 XHI
399 4368 444 4421 pg.
463 4352 528 4409 589:
552 4350 586 4418 ἣν
610 4353 640 4406 δὲ
668 4356 715 4405 καὶ
739 4351 820 4412 πόλις
844 4358 964 4426 Γέργιθα
991 4355 1021 4408 ἐκ
1051 4358 1107 4407 τῶν
1129 4354 1159 4406 ἐν
1181 4359 1302 4425 Κυμαίᾳ

193 4442 344 4510 [seylam.
