2828 4814
608 349 803 406 ‚3-

236 522 445 586 Guttmannus
468 522 591 604 quidem
613 521 645 581 in
667 519 744 582 libro
767 537 866 599 nuper
887 516 986 592 edito,
1009 518 1058 578 oui
1079 517 1261 598 inscriptum

151 631 198 690 est
225 628 294 705 „De
326 631 509 711 hymnorum
538 624 758 687 homericornm
786 622 917 684 historie
944 619 1050 684 critice
1078 621 1170 702 partt.
1193 621 1263 682 IV“

150 731 433 815 (Gryphiswaldiae
462 751 489 792 a.
513 730 619 809 1869),
650 727 822 803 contendit,
856 725 1108 788 aBaumeistero
1131 745 1193 787 non
1216 744 1263 802 ea,
1378 774 1382 779 .

149 857 210 919 quo
246 856 323 919 opus
360 841 461 912 esset,
490 833 651 914 diligentia
680 832 818 894 codicum
848 831 1017 912 scripturas
1045 831 1160 922 relatas
1192 850 1263 891 esse

149 944 213 1022 (pg.
231 942 292 1019 10).
338 939 382 1001 At
404 938 613 1002 Guttmannus
640 956 749 1018 parum
773 935 877 997 attulit
899 954 955 1016 pro
975 935 1020 1014 rei
1041 935 1263 1015 magnitudine,

149 1046 193 1107 ita
227 1049 263 1107 ut
292 1046 380 1108 nobis
403 1045 458 1107 vix
479 1044 674 1125 persuadeat.
718 1041 783 1102 Res
803 1041 900 1121 igitur
918 1041 1018 1101 adhuc
1038 1040 1071 1101 in
1092 1040 1191 1102 medio
1214 1044 1264 1101 est

149 1151 356 1232 relinquenda,
372 1151 445 1212 dum
459 1168 540 1210 nova
551 1151 583 1209 et
594 1147 711 1208 auctior
721 1147 903 1227 hymnorum
915 1145 1060 1221 codicum,
1071 1146 1264 1226 potissimum

34 1328 38 1335 .
149 1254 262 1316 codicis
277 1252 479 1315 Laurentiani
493 1252 581 1332 (plut.
597 1249 738 1326 XXXII,
754 1250 818 1328 45),
834 1250 872 1310 de
887 1267 947 1331 quo
959 1248 1125 1326 dubitetur,
1141 1250 1264 1312 collatio
1299 1315 1300 1319 ,

150 1359 209 1420 erit
236 1359 325 1420 faeta.
372 1358 444 1429 Qua
469 1356 652 1437 hymnorum
680 1352 885 1437 Baumeisteri
918 1354 1052 1415 editione
1076 1354 1183 1416 critice
1205 1356 1264 1416 iter

149 1464 273 1524 tandem
297 1462 448 1524 munitum
477 1463 538 1537 est,
573 1479 632 1542 quo
656 1459 847 1539 argumentis
868 1458 1060 1538 singulorum
1074 1459 1264 1540 'hymnorum

149 1566 382 1628 accuratissime
405 1564 589 1627 examinatis
611 1567 703 1646 atque
718 1563 795 1625 locis
812 1561 965 1643 corruptis
982 1581 1147 1645 eorumque
1162 1583 1263 1625 emen-

151 1670 325 1731 dationibus
357 1669 480 1750 penitus
511 1669 682 1750 perspectis
712 1687 769 1730 neo
800 1687 861 1729 non
892 1666 1046 1747 scriptura
1065 1686 1106 1727 ex
1126 1669 1265 1730 codicum
1373 1726 1377 1732 .

151 1774 334 1835 auctoritate
357 1775 494 1835 stabilita
517 1779 549 1835 et
571 1771 750 1835 confirmata
770 1775 862 1854 atque
886 1771 1024 1833 oratione
1045 1779 1077 1832 et
1092 1791 1126 1833 re
1139 1773 1266 1834 metrice

148 1879 256 1960 hymni
282 1880 418 1941 cuiusuis
447 1881 526 1940 hene
556 1878 689 1958 cognitis
710 1879 748 1938 de
768 1895 873 1939 eorum
892 1877 989 1937 forma
1012 1877 1145 1956 genuina
1168 1877 1265 1965 acide

149 1985 249 2064 patria
279 1989 310 2046 et
340 1985 449 2064 poeta,
483 1984 631 2063 quantum
662 1981 734 2042 licet
765 2000 805 2041 ex
826 1980 904 2059 ipsis
925 1980 1047 2060 hymnis
1070 1998 1265 2059 cognoscere,

149 2087 262 2148 iudicia
283 2086 356 2147 ferri
376 2088 515 2166 possunt.
545 2083 635 2148 Unde
659 2083 769 2160 elucet,
791 2102 893 2164 opera,
916 2102 995 2165 quae
1010 2085 1083 2145 ante
1098 2083 1262 2146 editionem

41 2193 45 2200 '
150 2190 354 2251 Baumeisteri
377 2189 515 2250 confecta
538 2191 618 2266 sunt,
642 2209 736 2271 quum
751 2189 890 2250 subsidia
908 2189 1023 2266 critice,
1046 2208 1124 2272 quae
1139 2192 1265 2266 vocant,

151 2319 191 2359 ex
226 2296 391 2357 multarum
429 2299 460 2357 et
494 2295 619 2376 saepius
657 2295 904 2357 absconditarum
941 2296 1110 2357 editionum
1137 2295 1266 2357 latebris

150 2421 258 2463 eruere
287 2401 384 2464 coacti
412 2403 519 2462 essent
540 2400 592 2462 vel
614 2400 652 2461 iis
677 2384 798 2462 omnino
821 2403 978 2478 carerent,
1011 2420 1072 2462 non
1094 2401 1139 2461 ita
1160 2400 1268 2480 magni

150 2507 290 2568 facienda
306 2525 377 2567 esse
399 2506 431 2566 in
451 2505 489 2567 iis
508 2507 609 2580 rebus,
634 2524 713 2587 quae
728 2506 947 2567 adlectionem
961 2504 1013 2567 vel
1028 2487 1268 2567 confirmandam

150 2611 202 2671 vel
233 2611 445 2690 corrigendam
472 2611 644 2691 pertinent,
682 2610 879 2692 quamquam'
889 2628 1006 2690 negare
1029 2629 1090 2670 non
1112 2610 1267 2686 debemus,

150 2714 254 2775 diviua
292 2716 424 2797 quadam
459 2715 599 2777 doctrina
632 2720 664 2776 et
696 2716 869 2796 sagacitate
892 2716 1029 2778 virorum
1062 2716 1101 2777 de
1132 2714 1267 2796 antiquis

151 2817 337 2882 Graecorum
372 2820 485 2882 litteris
512 2821 625 2901 optime
655 2821 834 2882 meritorum
861 2821 993 2902 plurima
1019 2821 1080 2882 iam
1111 2821 1207 2882 allata
1236 2824 1268 2882 et

154 2925 315 3003 explorata
336 2944 422 3001 esse,
446 2944 524 3007 quae
544 2925 597 2987 vel
618 2925 766 2987 librorum
785 2925 1063 3005 manuscriptorum
1083 2926 1268 2987 auctoritate

155 3027 292 3089 stabilita
318 3030 370 3090 vel
399 3029 647 3110 quaestionibus,
686 3047 765 3111 quae
787 3029 826 3090 de
850 3030 982 3109 singulis
1003 3032 1096 3092 rebus
1121 3030 1267 3092 subsidiis

104 3214 107 3219 „
153 3130 327 3192 litterarum
348 3133 420 3193 inde
436 3151 454 3192 a
469 3133 691 3214 quinquaginta
706 3135 793 3195 annis
809 3134 908 3195 auctis
924 3137 957 3195 et
971 3134 1145 3196 luculenter
1161 3135 1267 3216 ampli-

153 3236 253 3298 ficatis
287 3237 362 3299 insti
377 3241 449 3299 utae
485 3221 571 3314 sunt,
604 3237 800 3300 confirmatae
832 3239 932 3300 adhuc
962 3241 1047 3301 stant
1073 3242 1105 3301 et
1135 3241 1267 3301 fortasse

154 3343 288 3417 stabunt,
309 3343 493 3423 praesertim
517 3343 544 3403 si
566 3342 605 3403 de
626 3343 811 3423 hymnorum
834 3363 903 3405 cum
925 3343 1059 3405 Homero
1083 3344 1267 3423 cognatione

152 3446 204 3507 vel
223 3447 261 3508 de
285 3467 389 3509 eorum
410 3466 517 3509 manco
539 3450 571 3508 et
594 3448 718 3528 saepius
742 3449 800 3509 sibi
821 3449 974 3510 contrario
997 3452 1178 3528 argument-o
1195 3452 1268 3511 sunt

153 3552 334 3632 conscripta.
372 3551 433 3614 Via
455 3555 558 3613 autem
572 3572 628 3633 per
642 3551 888 3620 Baumeisterum
902 3542 1058 3634 patefacta
1072 3553 1183 3616 mirum
1197 3574 1268 3615 esse

152 3675 213 3717 non
228 3657 341 3736 potest,
358 3657 438 3737 quod
452 3676 513 3718 non
528 3656 618 3737 pauci
635 3675 671 3717 ao
682 3657 876 3737 potissimum
890 3658 1026 3728 iuvenes,
1051 3658 1103 3740 qui
1115 3657 1267 3738 primitias
1382 3698 1385 3704 ·

154 3760 324 3821 studiorum
337 3778 399 3820 non
414 3759 539 3822 inutiles
551 3761 687 3840 proferre
702 3760 809 3837 velint,
831 3762 921 3822 novis
936 3761 999 3823 illis
1014 3761 1108 3824 armis
1123 3762 1266 3824 instruct'

153 3863 192 3924 de
212 3865 335 3945 hymnis
356 3864 567 3946 quaestionem
587 3867 623 3926 ut
642 3864 823 3926 eruditionis
846 3868 1002 3928 certamen
1023 3867 1082 3928 sibi
1097 3866 1268 3946 elegerunt.
1364 3919 1366 3922 ,

154 3967 264 4031 Testes
295 3973 367 4031 sunt
396 3970 492 4030 libelli
513 3969 645 4031 Koehnii
668 3969 750 4048 (Hal.
774 3971 880 4048 1865),
903 3969 1039 4033 Schulzii
1061 3970 1142 4050 (Hal.
1161 3972 1266 4050 1868),

152 4073 338 4136 Windisohii
360 4074 457 4155 (Lips.
478 4076 584 4153 1867),
605 4072 713 4136 Grevii
736 4074 880 4152 (Monast.
899 4077 1005 4153 1867),
1020 4075 1177 4152 Fietkayii
1194 4075 1266 4154 (Re-

153 4179 298 4256 giomont.
316 4180 422 4258 1866).
466 4177 532 4241 Nec
556 4181 628 4240 sunt
647 4178 772 4240 inutiles
795 4179 827 4240 hi
848 4179 953 4256 libelli,
976 4179 1090 4261 quippe
1112 4199 1206 4261 quum
1227 4198 1267 4240 ex

152 4282 190 4344 iis
204 4284 293 4360 ⁴molo
315 4302 429 4364 magna
451 4270 594 4363 operum,
616 4302 695 4364 quae
719 4287 791 4344 sunt
815 4284 852 4345 de
875 4285 998 4366 hymnis
1014 4285 1185 4361 homericis,
1205 4304 1267 4346 non

153 4387 290 4464 perlecta
311 4389 401 4450 facile
421 4407 600 4469 cognoscas,
618 4388 696 4470 ‚quid
719 4392 907 4470 quantumve
927 4409 946 4451 a
967 4389 1046 4451 viris
1067 4374 1284 4450 doetis'm‘hs

1066 4485 1119 4544 X*
