2828 4814
646 338 863 394 ..36-

204 521 305 582 finalis
326 521 446 598 brevis,
479 522 538 582 etsi
560 522 592 583 in
615 541 708 583 unam
730 522 843 584 desinit
865 540 1044 598 consonam,
1072 521 1252 603 producitur
1276 558 1314 567 —

204 625 248 687 sio
276 624 408 705 legimus
436 625 467 686 in
496 626 601 707 hymni
624 648 653 687 v.
678 630 696 687 9
727 618 764 688 οὐ
787 617 848 709 γάρ
868 618 912 703 oi,
939 648 967 688 v.
985 631 1046 689 139
1076 618 1147 702 ἅλις
1177 620 1317 711 ἐσθῆτα,

201 749 230 790 v.
255 733 315 790 162
339 720 461 808 κόσμον
483 723 544 808 μέν
563 720 604 806 οἳ,
626 751 656 791 v.
673 733 735 791 184
758 720 947 809 λισσόμενος
961 722 1045 792 ἔπεα
1065 764 1108 775 -
1130 749 1320 813 quamquam

201 853 262 894 nou
292 833 415 913 ignoro,
449 834 546 914 primo
576 835 697 894 tantum
723 833 864 914 exemplo
894 854 957 895 rom
978 837 1069 897 extra
1091 835 1318 898 dubitationem

201 938 290 1018 poni,
313 957 406 1018 quum
426 938 585 1018 productio
608 939 640 998 in
661 938 742 999 thesi
761 937 827 1013 fiat,
848 938 879 999 in
901 938 971 999 aliis
994 938 1097 1019 possis
1118 938 1219 1000 dioere
1241 959 1316 1020 pro-

201 1043 360 1104 ductiones
384 1043 463 1103 arsis
484 1042 518 1102 vi
538 1061 608 1103 esse
630 1042 736 1103 factas.

288 1145 335 1223 II)
356 1145 498 1207 Alterum
524 1146 670 1226 digammi
701 1147 823 1226 signum
845 1148 894 1208 est
916 1147 993 1208 ratio
1012 1166 1122 1209 vooum
1144 1149 1182 1208 ab
1202 1149 1316 1211 eadem

201 1252 297 1331 stirpe
312 1251 516 1312 formatarum.
545 1250 640 1313 Cuius
655 1251 783 1312 rationis
795 1254 940 1333 quattuor
950 1252 1086 1332 proferre
1098 1251 1168 1341 volo
1181 1254 1315 1333 speeies,

200 1355 310 1437 quibus
332 1375 389 1416 sex
410 1355 531 1435 stirpes,
554 1374 633 1438 quae
648 1355 680 1416 in
694 1355 808 1436 hymno
824 1358 954 1417 utuntur
968 1356 1129 1436 digammo,
1152 1355 1240 1419 illust
1300 1394 1312 1405 ·

201 1462 260 1520 tur.
303 1457 351 1520 Ao
370 1460 501 1539 p‘rimum
523 1460 646 1542 quidem
668 1459 854 1539 digammum
876 1461 1111 1535 demonstratur,
1134 1461 1160 1521 si
1178 1463 1309 1524 verbum

199 1582 218 1624 a
248 1563 349 1626 vocali
371 1564 517 1643 incipiens
541 1565 578 1624 ob
602 1582 728 1644 eamque
751 1581 875 1624 oausam
897 1568 1060 1643 augmento
1081 1565 1245 1644 temporali
1260 1567 1304 1627 iu·

200 1670 380 1730 struendum
399 1669 497 1729 utitur
510 1670 675 1747 augmento
692 1668 849 1748 syllabico,
873 1668 1013 1749 quoniam
1025 1669 1155 1749 pristino
1170 1670 1307 1750 tempore

198 1773 362 1853 incipiebat
392 1791 411 1832 a
441 1773 611 1852 digammo,
644 1790 719 1851 ergo
743 1791 762 1832 a
784 1791 924 1833 oonsona.
969 1769 1020 1833 Sio
1041 1772 1177 1834 illustrat
1199 1760 1310 1835 rooern

197 1867 288 1960 ἔργον
303 1878 431 1938 verbum
442 1866 636 1960 ἐργάζεσθαι
648 1876 753 1938 formis
764 1877 811 1937 uti
820 1866 1007 1960 εἰργαζόμην
1018 1879 1070 1956 (ex
1087 1867 1312 1962 ἒίεργαζόμην,

196 1971 396 2065 ἓεργαζόμνγν,
421 1971 630 2065 εἰργαζόμην),
652 1974 709 2043 ἅδε
724 1980 820 2042 forma
842 1974 936 2042 ariade
959 1981 1009 2059 (ex
1026 1972 1178 2057 ξ’·σέαόε,
1202 1972 1311 2056 itare

196 2078 327 2163 adadu),
351 2077 444 2158 εἰδώς
463 2089 495 2146 et
518 2084 594 2146 alias
616 2085 708 2146 huius
732 2085 838 2165 stirpis
860 2085 974 2146 formas
997 2085 1130 2147 aoristus
1150 2073 1237 2148 εἶδον
1254 2088 1309 2166 (ex

195 2182 347 2266 ἔ-Γιδον,
373 2180 468 2264 ἔιδον,
492 2176 605 2267 εἶδον),
630 2176 706 2270 εἷμα
727 2191 824 2251 forma
848 2180 984 2251 ἑέσσατο
1008 2192 1061 2269 (ex
1080 2183 1308 2269 ὲ-Γέσοατοῒ),

195 2285 279 2370 ἄναξ
310 2297 343 2354 et
376 2284 526 2356 ἀνάσσειν
559 2290 684 2354 Aloaei³
717 2295 814 2355 forma
844 2284 982 2355 ἐάνασσε
1020 2296 1072 2373 (ex
1101 2284 1308 2374 i-fdvaoue).

84 2394 87 2400 ’
195 2398 313 2459 Deinde
334 2397 519 2479 digammum
541 2397 694 2459 indicatur
715 2397 746 2458 in
767 2417 859 2473 roae,
887 2397 914 2458 si
933 2397 1020 2459 verbi
1041 2397 1177 2459 eiusdem
1198 2398 1307 2480 stirpis

194 2521 376 2586 quamquam
391 2521 409 2563 a
422 2502 523 2564 vocali
537 2502 711 2583 incipientis
726 2501 861 2583 perfecto
874 2501 1073 2582 reduplicatio
1085 2522 1140 2582 per
1152 2502 1307 2582 syllabam

193 2608 332 2688 praefixa
359 2610 408 2668 est
438 2642 479 2651 -
508 2607 551 2668 sio
573 2607 748 2668 illustratur
776 2625 839 2668 vox
864 2599 953 2686 ἔργον
973 2606 1111 2687 perfeeto
1133 2597 1230 2689 ἔοργα
1250 2609 1305 2686 (ex

193 2706 369 2794 fi-fopyu)
400 2714 431 2772 et
459 2703 516 2772 ἅδε
537 2712 673 2791 perfeeto
697 2703 777 2771 iudo
800 2709 853 2787 (ex
875 2704 1044 2788 Γέ-Γαόα).
1078 2709 1157 2770 Tum
1180 2710 1303 2790 digam-

192 2836 274 2878 mum
289 2816 406 2877 initiale
421 2818 470 2876 est
485 2815 517 2875 in
533 2815 688 2895 stirpibus,
709 2815 819 2896 quibus
831 2835 860 2890 α,
881 2815 961 2896 quod
976 2818 1089 2877 vooaut
1103 2816 1303 2896 privativum,

193 2922 258 2982 sine
297 2921 402 2981 littera
430 2922 480 2995 ,o‘
507 2938 547 2980 ex
577 2919 696 2981 ratione
727 2918 868 2997 stirpium
896 2937 1068 2980 aoonsona
1088 2918 1303 3000 insipientium

190 3024 361 3105 praefixum
383 3022 448 3084 est⁴
471 3057 512 3066 -
533 3023 577 3084 sio
599 3023 772 3085 illustratur
789 3042 853 3084 vox
876 3013 967 3106 ἔργον
990 3042 1065 3084 vooe
1089 3015 1227 3105 ὄί-εργος
1247 3025 1304 3103 (ex

191 3121 373 3211 ii-fspyog),
411 3117 500 3200 οἶκος
537 3145 612 3188 voce
643 3121 779 3201 ὀί-οικος
802 3130 855 3206 (ex
877 3119 1058 3205 ἅ-Γοικος),
1095 3118 1188 3201 εἰδώς
1222 3149 1303 3193 vooe

190 3221 286 3319 α’ΐόνγς
319 3234 372 3311 (ex
404 3218 650 3314 ti-fidpg-quod
680 3230 752 3292 Oroi
781 3250 891 3292 nomen
922 3231 1003 3311 apud
1033 3229 1199 3292 Homerum
1228 3235 1302 3313 est).

188 3338 327 3418 Denique
350 3336 536 3415 digammum
558 3337 607 3396 est
629 3335 826 3396 statuendum
847 3336 880 3396 in
900 3335 937 3396 iis
959 3334 1103 3411 vocibus,
1127 3338 1198 3397 ante
1220 3357 1303 3419 quas

187 3444 219 3503 in
242 3441 459 3521 compositione
481 3459 590 3500 vocum
611 3440 643 3500 in
657 3440 780 3500 vocales
795 3439 1001 3501 desinentium
1017 3439 1155 3521 syllabae
1170 3440 1301 3504 ultimae

188 3548 324 3607 mutatae
346 3563 408 3605 non
429 3545 600 3606 sunt—sio
615 3544 789 3606 illustratur
802 3564 866 3605 vox
882 3536 974 3627 ἔργον
990 3564 1065 3606 vooe
1080 3538 1301 3630 δημιο-εργός

189 3652 241 3729 (ex
270 3640 534 3732 δημιο-Γεργός),
556 3635 631 3729 εἷμα
652 3668 729 3711 vooe
752 3642 936 3728 ἐπιείμενος
960 3650 1012 3727 (ex
1040 3641 1300 3731 ἕντι-Γείμενος).

186 3751 310 3815 Addere
331 3756 420 3833 potes
440 3772 541 3828 voees,
564 3753 674 3835 quibus
696 3757 746 3830 ‚e‘
767 3752 957 3834 praefigitur,
979 3757 1014 3814 ut
1037 3753 1146 3814 melius
1161 3772 1300 3834 pronun-

257 3974 283 4040 1)
304 3972 344 4027 De
377 3971 426 4026 hae
455 3986 518 4026 vooe
551 3969 673 4038 disputat
701 3969 809 4026 uberius
838 3969 945 4026 Giesius
976 3971 1016 4025 De
1046 3968 1162 4026 dialecto
1192 3974 1302 4033 aeolica

186 4077 232 4130 ns·
252 4058 312 4115 249·
332 4074 391 4128 mu·

253 4145 282 4214 2)
300 4143 334 4198 of.
354 4142 439 4198 Giesii
457 4143 476 4196 l.
496 4143 515 4197 1.
530 4158 576 4212 pg.
595 4143 646 4198 279
663 4159 720 4213 sqq.

251 4232 279 4302 3)
298 4230 332 4286 of.
355 4230 460 4284 Ahrens
479 4228 511 4285 de
530 4229 637 4285 dialect.
657 4230 750 4286 Graec.
769 4230 784 4284 I
802 4244 847 4298 pg.
863 4232 905 4287 30.

250 4319 277 4388 4)
296 4317 357 4372 Non
379 4316 482 4384 ignoro,
505 4317 637 4384 syllabam
666 4331 786 4374 cur-esse
807 4315 915 4384 siguum
940 4317 1108 4386 negationis,
1134 4316 1204 4372 unde
1230 4327 1301 4381 ante

182 4420 311 4460 consonas
330 4404 468 4459 a-restat.
1178 4446 1191 4479 ,
