2828 4814
646 339 863 397 „20-

201 530 284 589 v.17
300 530 332 588 et
354 548 382 589 v.
395 532 436 589 32
456 563 497 573 -
516 527 632 590 vocalis
652 527 756 589 brevis
769 546 831 587 non
844 526 1030 607 producitur.
1060 523 1205 607 Sequitur
1216 524 1315 604 igitur

202 633 455 713 hymnographus
465 631 591 693 Homeri
601 633 633 693 in
643 631 740 694 Iliade
755 651 877 708 morem,
900 631 990 692 idest
1000 650 1129 710 poeseos
1140 629 1314 690 homericae

205 736 407 817 antiquiorem
419 757 518 798 usum.
540 737 643 800 Ceteri
654 755 728 797 vero
744 735 858 816 hymni,
873 738 909 796 ut
929 738 1013 796 recte
1030 733 1248 809 aitKoehnins,
1264 738 1313 793 to·

203 841 299 901 tidem
315 840 400 902 locos
416 844 563 921 exceptos
577 841 690 902 habent
704 858 795 922 quam
810 837 960 920 Odyssea.
990 838 1078 915 Vide,
1101 857 1191 919 quam
1207 839 1316 897 noster

201 944 334 1025 hymnus
356 945 413 1006 hoc
436 963 556 1027 quoque
573 944 639 1005 loco
663 944 701 1005 ad
720 962 849 1024 poeseos
866 943 1033 1004 homericae
1050 943 1202 1003 sincerum
1222 960 1317 1019 usum

203 1049 329 1128 propius
352 1049 479 1111 accedat
502 1066 593 1131 quam
615 1050 718 1109 cetera
731 1045 919 1110 Graecorum
941 1048 1074 1110 carmina
1091 1047 1207 1127 spicae
1224 1046 1315 1106 nobis

204 1153 235 1212 in
257 1153 390 1214 medium
412 1149 536 1215 1000111.Ι

433 1270 476 1338 lte
499 1289 561 1338 usu
584 1271 782 1357 dactylorum
805 1274 838 1340 et
859 1268 1079 1356 spondeorum.

293 1377 331 1438 In
361 1397 421 1438 usu
448 1377 598 1439 homerico
622 1377 814 1457 dactylorum
835 1381 867 1438 et
888 1376 1091 1456 spondeorum
1113 1374 1317 1435 animadverti

205 1482 317 1561 potest,
342 1481 482 1561 dactylos
506 1482 542 1542 ob
563 1484 704 1543 naturam
723 1481 903 1556 hexametri,
926 1480 1007 1561 qnod
1029 1486 1077 1540 est
1092 1481 1222 1539 metrum
1242 1479 1315 1539 dac—

204 1585 349 1666 tylicum,
384 1585 479 1646 multo
510 1585 616 1665 plures
645 1585 886 1667 inveniriquam
907 1585 1068 1664 spondeos.
1113 1584 1216 1654 Quum
1238 1602 1316 1644 vero

203 1709 314 1750 versus
343 1709 360 1749 e
387 1690 479 1749 meris
502 1688 636 1770 dactylis
655 1689 815 1769 compositi
835 1689 916 1749 iusto
940 1688 1111 1749 vivaciores
1133 1707 1203 1748 0110
1225 1687 1314 1747 vide-

204 1796 308 1867 antur,
330 1790 483 1852 Homerus
514 1811 567 1853 eos
590 1811 659 1852 raro
680 1792 812 1853 admisit.
856 1791 920 1853 Vix
941 1791 1022 1852 enim
1040 1791 1176 1871 quintam
1197 1791 1318 1853 faciunt

203 1900 340 1976 partem:
364 1916 412 1957 ex
435 1901 515 1976 grat.
537 1898 569 1958 111
589 1896 676 1957 lliad.
696 1897 799 1976 rhaps.
822 1917 843 1957 c
864 1900 990 1957 exstant
1014 1915 1125 1956 versus
1140 1895 1317 1956 huiusmodi

207 2004 283 2076 120,
314 2021 390 2082 quos
413 1997 524 2062 Graeci
546 1993 778 2074 ὃλοδακτύλους
799 2001 904 2062 dicunt
925 1994 1059 2078 στίχους.
1103 1999 1241 2059 Eandem
1264 2019 1315 2060 ra-

205 2105 318 2166 tionem
347 2106 474 2185 praebet
504 2106 636 2187 hymnus
658 2108 779 2181 noster,
812 2106 863 2186 qui
884 2109 924 2166 46
948 2125 1058 2166 versus
1081 2095 1317 2178 ὁλοὸακτύλους

205 2210 306 2271 habet.
352 2209 550 2289 Quantopere
573 2228 646 2270 vero
666 2208 820 2270 Homerus
834 2210 866 2270 in
881 2210 960 2288 pede
975 2210 1071 2288 primo
1087 2208 1206 2269 faveret
1220 2227 1313 2287 spon-

205 2314 271 2390 deo,
291 2314 350 2374 iam
373 2332 467 2392 supra
489 2313 696 2393 exposuimus,
719 2333 811 2394 quum
833 2313 872 2372 ds
893 2331 1020 2373 caesura
1041 2316 1113 2392 post
1127 2311 1233 2392 pedem
1247 2312 1312 2389 pri-

205 2436 286 2478 mum
306 2417 408 2497 posita
423 2417 652 2495 dissereremus,
675 2436 755 2478 nunc
770 2417 943 2477 addendum
957 2422 1014 2492 est,
1035 2417 1093 2477 hoc
1108 2416 1310 2496 spondeorum

204 2521 445 2584 invehendorum
467 2522 602 2583 studium
621 2521 653 2582 in
667 2521 843 2583 universam
857 2541 967 2582 versus
982 2521 1164 2600 particulam
1179 2520 1314 2600 priorem

205 2626 321 2686 cadere.
363 2625 469 2708 Aeque
502 2627 534 2686 in
556 2627 668 2707 hymno
690 2629 796 2686 nostro
820 2626 988 2705 spondeum
1009 2625 1140 2705 legimns
1163 2625 1313 2705 inprime

205 2730 284 2808 pede
313 2735 360 2791 ter
378 2736 410 2791 et
429 2730 581 2808 octogies,
611 2730 796 2791 insecundo
819 2730 897 2810 pede
920 2730 1014 2791 octies
1037 2733 1069 2790 et
1092 2729 1249 2808 sexagies,
1280 2730 1315 2790 in

202 2836 331 2914 utroque
359 2833 437 2914 pede
468 2834 558 2895 simul
587 2837 634 2894 ter
661 2837 693 2895 et
721 2834 841 2909 tricies,
866 2834 995 2915 denique
1026 2835 1058 2895 in
1080 2834 1178 2895 tribus
1199 2852 1313 2895 versus

186 2937 331 3017 pedibus
353 2937 505 3018 prioribus
529 2938 633 2999 octies.
670 2936 753 2999 Raro
776 2942 878 2999 autem
900 2938 1005 3019 plures
1029 2957 1119 3019 quam
1138 2941 1202 2998 tres
1219 2957 1313 3017 spon-

202 3041 252 3101 dei
286 3042 369 3122 apud
402 3041 570 3103 Homerum
607 3044 639 3104 in
669 3043 776 3104 codem
805 3063 900 3105 versu
930 3047 1069 3120 exstant,
1104 3043 1150 3103 nti
1180 3046 1315 3123 quatuor

201 3143 288 3205 Iliad.
310 3166 340 3221 c,
364 3149 436 3207 439.
480 3144 518 3206 111
546 3147 660 3227 hymno
689 3148 837 3209 habemus
859 3149 936 3210 duos
958 3166 1068 3209 versus
1091 3166 1160 3207 cum
1179 3150 1314 3228 quatuor

202 3250 356 3328 spondeis,
376 3270 427 3312 vv.
449 3255 509 3311 121
536 3254 568 3312 et
591 3256 663 3329 192,
684 3253 735 3334 qui
757 3254 884 3332 insuper
905 3253 938 3313 in
959 3251 1067 3312 ultimo
1088 3269 1199 3311 versus
1222 3252 1313 3331 pede,
1354 3240 1358 3253 ’

201 3354 253 3434 qui
272 3353 324 3414 vel
339 3355 516 3415 trochaeum
531 3356 583 3417 vel
596 3357 765 3436 spondeum
778 3358 880 3433 habet,
896 3356 1031 3436 spondeo
1046 3358 1182 3415 utuntur.
1212 3352 1313 3435 Spon-

201 3457 292 3518 deum
314 3476 332 3517 a
353 3459 458 3539 quinto
480 3453 650 3522 hexametri
671 3462 749 3542 pede
771 3462 904 3522 alienum
927 3478 996 3520 esse
1018 3460 1050 3519 in
1071 3459 1142 3520 ludo
1159 3478 1236 3539 puer
1250 3459 1314 3522 iam

200 3581 262 3623 non
290 3562 421 3641 ignorat.
464 3562 509 3624 At
541 3563 694 3626 Homerus
717 3566 744 3625 si
766 3564 934 3645 spondeum
957 3562 1009 3623 1110
1032 3564 1098 3624 loco
1122 3563 1245 3625 admisit
1268 3599 1311 3608 —

201 3671 233 3727 et
254 3667 377 3728 admisit
397 3667 558 3749 aliquoties
580 3670 679 3730 veluti
700 3670 731 3730 in
754 3668 842 3749 Iliad,
865 3668 966 3748 rhaps.
990 3689 1011 3728 c
1032 3673 1080 3729 ter
1096 3674 1128 3729 et
1142 3668 1255 3743 tricies,
1279 3670 1314 3730 in

202 3771 225 3850 β
254 3774 362 3851 qnater
388 3774 419 3832 et
439 3773 657 3854 quinquagies,
690 3774 722 3834 in
743 3792 763 3853 y
785 3773 899 3848 vicies,
929 3770 1313 3834 111111111011110101*ψ

202 3875 265 3934 1010
290 3894 410 3955 semper
432 3888 515 3937 certo
539 3878 670 3958 quodam
691 3876 818 3938 consilio
835 3877 918 3952 facit,
940 3878 1071 3938 fortasse
1086 3882 1121 3937 ut
1136 3877 1223 3937 tardo
1239 3896 1313 3938 rer-

204 3997 258 4038 sus
281 3980 366 4040 exitu
387 3999 452 4041 rem
474 4000 544 4041 esse
566 3982 690 4041 tardam
708 3981 860 4062 significet
881 3981 933 4042 vel
954 3984 990 4042 ut
1012 3981 1055 4041 rei
1067 3980 1314 4062 magnitudinem

202 4098 238 4142 ac
261 4082 395 4144 virorum
417 4084 635 4146 maiestatem¹
657 4085 810 4148 describat
833 4085 885 4146 rel
908 4106 948 4151 ax
969 4085 1030 4145 alia
1042 4085 1191 4146 eiusmodi
1205 4104 1312 4150 causa.

271 4243 298 4311 1)
317 4243 407 4313 Aeque
425 4243 555 4299 Goethius
580 4247 673 4299 noster
695 4246 722 4299 in
742 4247 858 4300 carmine
881 4245 1065 4310 celeberrimo,
1088 4247 1131 4300 cui
1148 4246 1313 4316 inscriptum

201 4331 243 4382 est
269 4329 418 4393 ,Hermann
437 4335 459 4381 &
477 4330 640 4397 Dorothca‘,
667 4333 696 4386 111
719 4336 788 4387 cant.
814 4334 910 4402 quarto
935 4332 1073 4403 (Euterpe)
1095 4349 1120 4386 v.
1141 4334 1175 4389 21
1199 4362 1242 4399 -‚
1261 4336 1313 4392 der

200 4416 320 4485 withige
337 4416 555 4486 Burgemeister.‘
