2828 4814
588 315 806 372 ..17-

237 502 290 567 Uti
311 521 385 564 vero
409 500 543 563 secunda
565 518 677 561 versus
699 517 782 578 pars,
806 513 884 578 quae
900 499 968 557 orta
982 496 1041 558 fuit
1056 495 1153 557 altera
1167 494 1254 575 pedis

151 607 234 668 tertii
262 625 406 683 caesura,
434 625 490 686 per
512 622 669 666 caesuram
691 601 860 664 bucolicam
882 602 981 662 denuo
1004 603 1053 661 est
1075 600 1191 676 divisa,
1213 600 1257 659 ita

149 712 232 792 prior
261 730 382 794 quoque
403 729 477 790 pars
500 727 628 770 caesura
648 709 719 787 post
741 706 851 786 pedem
872 707 1002 785 primum
1023 704 1126 795 posita
1144 704 1256 764 iterum

149 816 328 878 dissecatur.
373 816 476 886 Quam
503 831 659 874 caesuram
687 812 809 872 adamat
838 809 1004 885 Homerus,
1035 812 1067 870 et
1088 809 1121 869 in
1141 808 1255 889 hymno

148 924 253 982 nostro
276 923 337 981 163
361 939 470 981 versus
493 936 530 978 ea
552 919 688 978 utuntur.
718 914 820 997 Atque
840 915 897 976 hoc
919 932 1038 996 quoque
1058 913 1124 974 loco
1146 916 1255 993 poetae

148 1045 225 1087 usus
247 1043 308 1085 non
330 1024 448 1084 alienus
471 1025 519 1083 est
539 1024 577 1082 ab
599 1020 733 1096 Homeri,
755 1020 868 1102 quippe
890 1020 942 1100 qui
963 1019 1095 1079 eundem·
1113 1018 1177 1079 fere
1200 1038 1255 1078 nu-

148 1148 266 1190 merum
294 1128 485 1210 dactylorum
514 1132 546 1187 et
574 1125 778 1205 spondeorum
806 1123 837 1184 in
865 1124 943 1203 pede
969 1123 1065 1203 primo
1090 1123 1254 1183 admiserit.

150 1235 254 1305 Quum
274 1253 347 1295 uero
369 1232 477 1311 lingua
499 1227 618 1291 Graeca
638 1228 818 1308 locupletior
840 1228 967 1288 vocibus
989 1227 1151 1308 dactylicis
1166 1245 1256 1308 quam

151 1338 325 1419 spondaicis
355 1339 411 1413 sit,
446 1333 650 1397 confitendum
678 1335 742 1409 est,
773 1333 828 1394 hoc
851 1333 917 1413 ipso
939 1333 1006 1393 loco
1030 1333 1198 1413 spondeum
1217 1333 1255 1392 ab

151 1443 284 1505 Homero
307 1441 451 1504 adamari.
466 1439 632 1499 Bekkerus·
642 1438 673 1518 (l.
689 1437 707 1498 l
723 1458 774 1518 pg.
791 1439 866 1517 138)
882 1437 978 1516 igitur
992 1437 1073 1497 hunc
1088 1437 1257 1518 spondeum

151 1547 226 1609 locis
249 1547 396 1621 omnibus,
417 1544 525 1626 quibus
547 1543 656 1624 potuit,
678 1543 822 1620 restituit,
845 1561 938 1624 quum
952 1541 1080 1602 formam
1093 1541 1256 1603 rocisvul-

152 1655 271 1729 gatam,
302 1651 329 1711 si
349 1652 415 1710 erat
437 1648 604 1729 dactylica,
626 1648 759 1709 mutarit
780 1647 812 1708 in
827 1645 1037 1727 spondaicam,
1059 1645 1086 1706 si
1108 1645 1257 1706 eiusmodi

153 1754 273 1814 omnino
291 1754 356 1814 fuit.
401 1752 489 1824 Quae
511 1751 646 1813 Bekkeri
667 1752 745 1812 ratio
767 1749 1073 1812 valdeconfirmatur
1095 1770 1147 1826 eo,
1176 1749 1258 1831 quod

150 1858 283 1919 carmina
308 1858 461 1919 homerica
488 1856 695 1936 perlongum
721 1861 841 1935 tempus
872 1874 933 1915 non
959 1855 1073 1934 scripta
1099 1854 1155 1915 sed
1175 1854 1257 1915 dicta

148 1964 270 2024 tantum
298 1997 339 2006 --
361 1969 396 2023 ut
416 1961 557 2043 equidem
578 1962 652 2040 puto
673 1993 716 2002 —
739 1978 757 2020 a
779 1959 939 2037 rhapsodis
961 1959 1258 2020 circumferebantur.

152 2067 258 2136 Quare
295 2065 475 2145 saepissime
502 2062 568 2124 fieri
596 2063 713 2142 potuit,
748 2064 783 2122 ut
811 2062 949 2143 syllabae
980 2062 1189 2143 diphthongus
1219 2082 1258 2123 ex

152 2169 277 2248 linguae
309 2168 488 2249 posterioris
510 2167 632 2248 legibus
655 2168 686 2228 in
709 2167 786 2263 duas
808 2167 932 2228 vocales
956 2167 1191 2244 discinderetur,
1215 2168 1258 2228 ita

152 2277 188 2335 ut
210 2275 306 2334 forma
329 2273 481 2355 dactylica
502 2276 534 2334 et
553 2271 735 2352 locupletior
753 2272 910 2334 existeret.
944 2270 987 2333 At
1009 2272 1178 2352 periculum
1201 2274 1257 2348 est,

151 2397 191 2438 ne
217 2378 339 2458 ingenio
368 2378 494 2439 nimium
523 2377 708 2454 tribuamus,
742 2379 774 2439 ct
805 2396 863 2458 ego
892 2377 1014 2459 quidem
1034 2377 1140 2458 hymni
1159 2377 1260 2437 nostri

151 2481 234 2544 locos
257 2483 406 2544 eiusmodi
432 2518 467 2528 —
493 2483 538 2543 uti
561 2484 633 2544 sunt
648 2502 698 2543 vv.
714 2485 763 2543 20.
781 2484 831 2544 56.
846 2485 897 2542 72.
913 2485 984 2542 177.
1002 2483 1065 2542 290
1080 2516 1121 2524 -
1139 2483 1259 2542 mutare

152 2606 213 2646 non
235 2588 340 2664 audeo,
362 2588 432 2669 quia
460 2587 650 2667 argumentis
674 2586 750 2647 satis
769 2584 866 2647 firmis
890 2586 1050 2647 diiudicari
1070 2605 1131 2646 uon
1147 2589 1258 2665 potest,

151 2695 257 2752 utrum
270 2694 362 2772 poeta
376 2710 413 2752 ea
425 2692 476 2771 ipa
489 2691 610 2767 dixerit,
625 2710 701 2772 quae
709 2690 870 2751 Bekkerus
886 2690 979 2767 iubet,
996 2691 1177 2752 anfortasse
1191 2689 1259 2751 alia.

151 2796 368 2858 Adnotandum
390 2796 519 2879 denique
542 2799 600 2873 est,
621 2796 654 2857 in
665 2796 778 2876 hymno
792 2815 939 2857 versuum
954 2795 1075 2856 illorum
1094 2799 1163 2871 163,
1183 2815 1259 2877 quos

149 2902 195 2961 uti
221 2919 348 2962 caesura
375 2905 446 2982 post
474 2901 584 2981 pedem
615 2901 746 2980 primum
773 2919 867 2980 supra
893 2900 1040 2977 diximus,
1079 2920 1188 2961 versus
1217 2904 1258 2961 76

151 3004 263 3065 habere
286 3005 454 3084 spondeum
475 3007 507 3066 in
529 3007 625 3085 primo
649 3006 737 3085 pede,
760 3008 798 3066 87
821 3008 923 3067 autem
945 3005 1104 3086 dactylum
1120 3040 1163 3050 -
1181 3025 1258 3087 quae

150 3109 227 3170 ratio
249 3108 312 3169 fere
332 3109 440 3170 eadem
462 3112 511 3169 est
534 3109 615 3188 apud
639 3108 806 3170 Homerum
832 3110 881 3189 (cf.
901 3108 1025 3170 Bckker
1044 3110 1063 3170 l.
1079 3109 1110 3187 l.)

115 3204 118 3209 ’
237 3211 383 3296 Sequitur
403 3214 493 3291 dein,
516 3216 551 3274 ut
573 3214 708 3276 breviter
730 3214 919 3276 disseramus
943 3215 981 3275 de
1004 3215 1121 3291 causis,
1150 3214 1259 3296 quibus

151 3337 296 3379 caesurae
317 3318 369 3379 vel
388 3322 561 3400 augeantur
582 3319 633 3381 vel
654 3319 857 3381 debilitentur.
891 3318 941 3379 Ex
957 3319 1141 3379 carminibus
1158 3322 1260 3380 autem

150 3422 313 3483 homericis
336 3423 505 3500 edocemur,
529 3443 673 3485 caesuras
693 3427 857 3486 verborum
878 3423 1104 3485 intermissione
1126 3423 1178 3483 vel
1199 3422 1259 3484 fine

151 3526 322 3588 sententiae
344 3529 476 3589 maxime
500 3529 608 3608 angeri
629 3563 669 3572 -»
696 3529 733 3588 cf.
755 3527 843 3590 Iliad.
866 3550 895 3604 u,
917 3529 966 3588 25.
983 3532 1033 3590 33.
1051 3531 1101 3590 43.
1117 3532 1157 3589 47
1183 3527 1259 3589 alios

150 3636 242 3696 locos.
280 3630 369 3702 Quae
391 3631 574 3694 intermissio
598 3633 805 3694 exstrinsecus
829 3633 993 3694 denotatur
1007 3633 1260 3714 interpunctione,

151 3756 246 3816 quam
265 3740 383 3798 vocant.
423 3733 608 3816 Saepissime
631 3755 669 3799 ea
689 3737 844 3799 invenitur
862 3738 895 3798 in
916 3756 1044 3799 caesura
1065 3741 1136 3818 post
1151 3740 1260 3818 pedem

151 3840 296 3921 primum,
330 3860 424 3922 quum
453 3860 470 3900 e
499 3843 636 3920 proximo
667 3861 761 3903 versu
796 3844 948 3914 sententia
969 3843 1001 3904 in
1024 3846 1261 3924 subsequentem

150 3946 354 4007 transferatur
384 3948 438 4005 aut
468 3964 561 4025 quum
583 3965 745 4026 personae,
780 3948 866 4008 cuius
889 3967 990 4009 mores
1010 3955 1131 4009 autres
1152 3952 1260 4028 gestae

150 4051 181 4111 in
202 4050 340 4130 proximo
362 4069 456 4111 versu
479 4050 632 4130 descripta
654 4052 735 4126 sunt,
756 4070 865 4112 nomeu
890 4057 1141 4115 commemoretur
1159 4052 1211 4113 vel
1232 4053 1261 4113 ei

152 4153 296 4234 affigatur
322 4154 479 4234 epitheton
503 4172 623 4231 ornans,
646 4155 727 4236 quod
747 4155 867 4232 dicitur,
890 4157 942 4218 vel
961 4158 993 4218 in
1015 4159 1081 4218 cius
1097 4156 1258 4237 compella·

153 4256 235 4318 tione
264 4293 304 4303 -—
336 4258 380 4318 sic
409 4259 541 4338 legimus
571 4259 603 4319 in
633 4259 738 4340 hymni
763 4280 813 4321 vv.
842 4266 891 4322 22.
916 4264 965 4322 24.
990 4266 1039 4324 38.
1063 4265 1112 4323 57.
1137 4262 1186 4320 59.
1210 4263 1260 4321 62.

152 4364 203 4421 71.
232 4364 281 4422 72.
311 4365 361 4423 89.
391 4367 461 4424 120.
492 4368 564 4425 132.
594 4367 665 4424 171.
699 4365 769 4426 175.
799 4368 870 4426 177.
902 4368 1067 4427 178186.
1092 4366 1163 4430 189.
1188 4367 1259 4428 190.

196 4479 313 4530 Tutela,
333 4481 505 4531 prolegomena.
1070 4473 1098 4525 Q
