2828 4814
647 338 860 396 ..26-

202 540 271 581 essa
294 524 377 582 ortos
400 541 490 603 quarn
512 522 678 584 carminum
700 522 920 586 homericarum
938 521 1120 601 particulam
1143 521 1313 601 genuinam

202 626 304 686 aetate
333 630 536 705 postremam,
569 626 600 687 id
627 629 676 688 est
703 647 764 688 non
793 629 865 688 ante
894 625 1049 687 saeculum
1072 628 1212 687 octavum
1236 628 1314 687 ante

203 729 273 793 (lhr.
295 731 358 790 nat.

288 832 427 915 Denique
447 837 496 895 est
518 834 733 910 adnotandum,
756 836 788 895 et
811 834 848 895 ab
861 831 993 896 Homero
1016 835 1047 894 et
1063 834 1199 894 anostro
1220 832 1314 913 hym-

202 939 359 1018 nographo
383 943 433 1014 ,v‘
455 938 598 1013 litteram,
625 957 716 1020 quam
744 941 857 1000 vocant
870 937 1117 1018 epheleysticam,
1139 956 1208 998 esse
1224 937 1314 998 inve-

203 1045 291 1117 ctam,
313 1043 367 1104 ubi
389 1060 426 1103 ea
447 1062 524 1122 opus
547 1062 608 1103 non
630 1046 688 1118 est,
712 1043 767 1104 sed
779 1046 814 1103 ut
829 1042 932 1103 brevis
946 1041 1067 1122 syllaba
1081 1041 1182 1103 finalis
1194 1041 1312 1122 produ-

202 1148 331 1221 ceretur,
345 1146 371 1207 si
385 1166 496 1206 versus
513 1146 592 1207 ratio
609 1147 759 1228 syllabam
773 1147 953 1228 productam
967 1149 1118 1226 posceret,
1130 1145 1264 1207 maxime
1281 1146 1316 1207 in

201 1249 279 1329 pede
301 1250 408 1330 primo,
428 1250 460 1310 in
482 1270 541 1330 quo
562 1253 593 1311 et
616 1252 654 1312 ab
676 1249 808 1312 Homero
831 1254 864 1312 et
884 1260 1019 1312 anostro
1032 1252 1125 1330 poeta
1141 1250 1316 1331 spondeum

202 1353 336 1415 adamari
358 1354 419 1415 iarn
440 1373 533 1435 supra
551 1354 716 1417 docuimus.
746 1354 847 1416 Huius
868 1354 912 1416 rei
928 1354 1069 1433 exempla
1083 1373 1195 1433 ponam
1216 1375 1269 1414 vv.
1285 1359 1314 1416 6.

203 1461 252 1518 31.
277 1461 326 1518 68.
351 1459 421 1520 158.
443 1463 513 1520 212.
542 1460 630 1530 Quae
653 1460 679 1520 si
700 1460 798 1521 animo
822 1465 970 1534 tenemus,
991 1460 1074 1519 recte
1089 1457 1224 1519 iudicare
1238 1478 1314 1539 pos-

203 1582 309 1623 sumus
336 1563 374 1623 de
403 1584 432 1624 v.
455 1566 525 1626 284.
576 1563 661 1625 Libri
691 1564 772 1625 enim
800 1563 999 1643 manuscripti
1030 1581 1134 1625 omnes
1164 1563 1316 1626 exhibent

203 1665 364 1728 lectionem
397 1667 483 1728 initio
510 1688 621 1729 versus
644 1660 743 1752 (poci,
777 1686 946 1749 quaecum
966 1671 1063 1728 metro
1086 1686 1147 1727 non
1165 1669 1313 1747 congruit

202 1804 244 1814 -
274 1789 345 1832 nam
380 1774 429 1833 est
464 1773 626 1833 trochaeus
664 1792 719 1852 pro
747 1773 880 1852 dactylo.
932 1772 1037 1843 Quare
1063 1770 1251 1833 Matthiaeus
1279 1773 1314 1834 in

200 1875 533 1950 ,animadversionibus
571 1877 611 1938 ad
644 1877 774 1958 hymnos
803 1877 987 1938 homericos‘
1013 1875 1141 1938 coniecit
1171 1869 1309 1958 φάσθαι

200 1983 311 2055 ,nam‘,
340 1981 386 2041 uti
414 1981 472 2055 ait,
503 1983 591 2061 ,post
619 1974 647 2043 εἰ
667 1977 704 2044 δέ
724 2002 775 2055 τις
794 1972 917 2064 ei'pryroc'
937 2000 974 2042 σε
996 1984 1028 2041 et
1046 1979 1228 2059 μυθεῖσθαι
1253 2000 1312 2061 pro

200 2084 380 2164 imperativo
411 2086 498 2166 sequi
523 2086 628 2162 debet,
657 2086 729 2168 quid
758 2084 925 2147 Anchisam
952 2086 1053 2146 dicere
1076 2084 1171 2144 vellet
1192 2083 1312 2162 Venus,

200 2207 261 2248 non
280 2188 353 2269 quid
373 2188 454 2249 fama
475 2191 632 2250 ferretur‘.
660 2189 737 2251 Eius
752 2191 957 2251 coniecturam
970 2191 1151 2268 receperunt
1165 2188 1312 2267 Wolfius,

200 2290 407 2367 Hermannus,
443 2291 681 2354 Baumeisterus.
733 2291 777 2354 At
808 2296 897 2354 tanta
933 2294 1096 2354 verborum
1132 2294 1309 2369 mutatione,

202 2415 280 2478 quae
302 2396 451 2478 quomodo
474 2398 555 2459 facta
578 2398 700 2459 sitnon
721 2398 821 2474 video,
843 2417 919 2478 opus
943 2400 1079 2472 nonest,
1101 2418 1194 2480 quum
1214 2396 1307 2458 levis-

202 2501 279 2562 sima
293 2503 432 2578 metrum,
448 2502 529 2582 quod
544 2506 593 2564 est
607 2502 760 2578 vitiosum,
776 2502 875 2584 possit
891 2501 1001 2562 sanari.
1031 2500 1153 2563 Etenim
1161 2501 1312 2562 Mathiaei

200 2608 363 2667 verborum
393 2606 691 2686 interpretationem,
729 2607 755 2667 si
775 2606 846 2667 libri
870 2588 1003 2689 φάσθαι
1025 2606 1179 2684 legerent,
1202 2624 1312 2667 veram

201 2729 272 2769 esse
295 2710 484 2784 duceremus,
507 2709 562 2769 sed
584 2729 625 2770 ex
648 2711 705 2772 hac
725 2730 758 2771 re
780 2710 932 2770 nonlicet
955 2728 1079 2770 causam
1098 2708 1157 2770 loci
1172 2710 1313 2771 mutandi

200 2814 314 2892 petere.
358 2813 478 2884 Quodsi
498 2816 550 2888 ,v‘
572 2806 799 2896 ἐφελκυστικόν
820 2834 860 2874 ex
877 2833 960 2874 more
975 2813 1073 2874 nostri
1086 2813 1183 2894 ipsius
1198 2816 1313 2893 poetae

201 2920 232 2978 et
257 2915 382 2978 Homeri
410 2937 504 2998 supra
530 2918 670 2998 exposito
699 2917 768 2978 voci
796 2910 879 3000 φασί
908 2917 1080 2997 affigimus,
1105 2937 1216 2979 versus
1243 2918 1313 2980 sine

93 3060 98 3069 ·
200 3021 270 3082 labe
291 3023 349 3097 est,
372 3042 462 3102 quem
483 3041 631 3083 unacum
652 3041 746 3082 versu
768 3021 906 3101 proximo
930 3020 973 3082 sic
996 3021 1208 3102 interpreteris
1231 3045 1238 3081 ε
1261 3022 1314 3085 dic

201 3125 255 3186 illa
278 3145 393 3186 memor
412 3145 534 3200 eorum,
556 3143 634 3206 quae
655 3127 687 3186 te
708 3125 809 3187 (licere
829 3127 907 3187 iussi
928 3151 935 3186 :
959 3129 1024 3187 turn
1046 3128 1182 3206 profecto
1205 3125 1314 3190 dieunt

202 3229 352 3290 hominem
388 3249 458 3289 eum
487 3248 557 3290 esse
589 3231 694 3290 natum
722 3249 761 3290 ex
788 3231 922 3311 nympha
930 3233 946 3305 ‘,
974 3233 1006 3290 et
1028 3252 1055 3310 q.
1078 3250 1101 3289 s.
1146 3226 1198 3290 Sic
1218 3229 1314 3293 lectio

201 3334 315 3395 tradita
337 3335 460 3394 servata
482 3336 538 3394 est.

288 3438 476 3499 Paucissima
491 3438 561 3499 dein
575 3439 674 3500 dicam
689 3439 727 3499 de
743 3439 932 3519 correptione
946 3439 1109 3517 longarum
1124 3439 1316 3520 syllabarum

203 3541 339 3603 finalium
368 3544 439 3602 ante
462 3543 600 3604 vocalem
619 3543 704 3605 vocis
724 3545 882 3624 proximae
903 3543 1059 3606 initialem.
1104 3545 1192 3616 Quae
1212 3550 1261 3605 est
1282 3547 1317 3607 in

201 3646 283 3707 thesi
316 3648 436 3707 tantum
466 3666 604 3729 quaeque
632 3648 714 3729 apud
744 3647 910 3709 Homerum
940 3649 1112 3709 sexcenties
1144 3648 1313 3728 invenitur,

202 3757 235 3811 at
267 3750 299 3810 in
326 3750 438 3831 hymno
467 3755 571 3813 nostro
601 3753 703 3815 sexies
733 3756 765 3813 et
787 3752 1005 3833 quinquagies,
1031 3770 1185 3832 nunquam
1208 3744 1317 3815 autern

201 3854 233 3914 in
256 3854 326 3929 arsi,
349 3873 440 3935 quam
462 3856 494 3916 in
516 3856 668 3917 contrario
689 3856 753 3916 vim
774 3856 962 3937 producendi
980 3856 1092 3916 habere
1115 3854 1257 3915 vidimus.

288 3956 435 4020 Extremo
465 3959 531 4020 loco
555 3959 664 4020 afferre
683 3959 753 4020 volo
774 3960 859 4021 vocis
880 3955 976 4034 καλὸς
997 3959 1129 4039 priorem
1151 3957 1316 4038 syllabam,
1407 4028 1410 4033 ,

202 4080 281 4142 quae
314 4062 351 4123 ab
380 4062 512 4124 Homero
543 4082 663 4142 semper
685 4064 877 4144 producitur,
918 4065 950 4125 in
969 4062 1074 4144 hymni
1096 4062 1214 4123 duobus
1235 4063 1317 4128 locis

203 4169 320 4245 (111129
344 4169 377 4228 et
398 4167 472 4243 261)
496 4169 666 4246 correptam
688 4189 758 4230 esse
785 4203 821 4212 -
846 4189 940 4249 quare
959 4167 1153 4228 Hermannus
1178 4165 1317 4248 (Orphio.

202 4291 254 4350 pg.
272 4272 348 4350 817)
381 4271 565 4351 scripturam
592 4273 664 4333 t'erri
692 4292 754 4333 non
780 4291 872 4352 posse
900 4275 989 4352 putat
1012 4307 1062 4348 -,
1092 4291 1185 4352 quum
1207 4271 1316 4338 decern

203 4375 255 4436 alii
282 4375 341 4436 loci
371 4378 495 4435 exstent
524 4376 586 4454 (vv.
612 4379 661 4438 64.
699 4381 749 4438 89.
779 4380 827 4437 97.
860 4380 909 4438 98.
939 4377 1010 4437 156.
1037 4379 1108 4438 181.
1136 4379 1207 4438 183.
1239 4382 1334 4442 229..
