2828 4814
694 264 1056 375 -ao-'·

242 501 437 579 describitur,
469 501 632 564 edocemur
653 502 793 564 intimum
813 503 1023 564 commercium
1054 504 1091 565 ab
1113 503 1226 584 hymno
1247 508 1353 567 nostro

244 625 311 666 cnm
323 606 445 687 Cypriis
463 626 533 667 esse
552 612 660 667 actum.
696 606 767 677 Qua
785 625 819 666 re
835 603 1047 668 Grcddeckins
1065 627 1183 688 qnoque
1202 610 1354 670 adductus

243 713 307 786 est,
337 714 372 770 nt
402 710 550 790 hymnum
571 730 641 771 esse
665 710 846 790 Cypriorum
874 711 1054 791 particulam
1075 717 1206 792 putaret.
1242 698 1354 795 Quam

242 815 414 894 opinionem
435 815 543 876 falsam
565 834 636 876 esse
657 832 738 874 nunc
759 816 839 875 inter
860 815 944 876 viros
968 815 1104 876 eruditos
1125 817 1270 877 constat1.
1309 816 1354 879 At

241 916 298 977 hoc
320 920 404 979 certe
423 917 532 993 elucet,
564 923 660 978 artem
682 916 862 998 Cypriorum
885 918 1067 994 conditoris,
1091 919 1225 999 quisquis
1246 924 1312 996 est,
1333 941 1352 982 a

238 1040 352 1101 genere
372 1021 493 1082 dicendi
512 1023 622 1101 poetae
645 1022 742 1082 nostri
761 1040 822 1081 non
841 1022 931 1083 valde
946 1022 1117 1099 abhorrere,
1141 1043 1214 1102 ergo
1236 1028 1350 1086 utrum·

239 1143 299 1205 que
321 1127 443 1206 poetam
462 1125 530 1205 pari
559 1125 645 1205 quasi
672 1125 797 1204 fastigio
828 1127 903 1188 artis
934 1127 1038 1207 opicae
1063 1129 1161 1202 stare,
1181 1127 1214 1186 id
1236 1137 1299 1203 est,
1325 1130 1351 1190 si

239 1248 304 1289 rem
322 1249 363 1289 ex
384 1228 508 1309 ingenio
530 1246 658 1309 poeseos
675 1225 862 1289 Graecorum
880 1229 934 1290 illa
950 1233 1051 1290 aetate
1069 1230 1222 1290 adhibitae
1240 1231 1349 1293 diiudi-

238 1351 352 1408 camus,
374 1332 443 1394 illos
464 1332 561 1393 fuisse
582 1333 726 1411 aequales
750 1334 801 1393 vel
824 1352 886 1394 non
906 1333 950 1394 ita
969 1334 1061 1413 longo
1084 1335 1230 1414 temporis
1250 1337 1349 1415 spatio

238 1435 396 1497 interiecto
419 1436 544 1497 vixisse.
590 1436 694 1507 Quum
716 1456 790 1497 vero
812 1436 844 1496 id
865 1439 985 1498 tantum
1003 1440 1131 1514 constet,
1154 1437 1269 1518 Cypria
1287 1459 1350 1499 non

236 1539 332 1600 multo
355 1544 426 1621 post
446 1541 571 1601 ultimas
591 1545 624 1601 01
648 1541 797 1619 genuinas
821 1540 988 1601 carminum
1010 1541 1227 1602 homericarum
1253 1545 1348 1622 parti-

237 1643 323 1704 culas
346 1663 416 1706 esse
432 1646 578 1720 confecta,
601 1663 675 1724 ergo
697 1663 758 1704 non
773 1647 844 1724 post
858 1645 986 1725 primam
1009 1644 1219 1726 olympiadem,
1241 1651 1348 1709 nostro

237 1749 305 1808 iure
327 1747 512 1809 contendere
534 1748 682 1824 videmur,
704 1749 804 1809 eidem
825 1750 920 1809 aetati
946 1748 1093 1830 hymnum
1116 1752 1254 1810 nostrum
1277 1772 1347 1812 esse

237 1851 438 1912 tribuendum.
482 1854 585 1933 Atque
614 1852 690 1912 haec
719 1853 820 1932 opinio
850 1854 941 1913 valde
967 1872 1003 1913 eo
1032 1853 1242 1930 confirmatur,
1266 1856 1349 1933 quod

237 1955 444 2036 disputatione
464 1956 609 2035 ampliore
629 1956 839 2017 demonstrare
861 1956 945 2016 enixi
968 1975 1082 2032 sumus,
1102 1957 1207 2037 hymni
1228 1960 1259 2018 et
1281 1978 1348 2018 rem

236 2060 394 2120 metricam
411 2062 443 2120 et
466 2078 565 2138 genus
581 2059 702 2119 dicendi
722 2060 861 2140 exceptis
883 2060 1037 2121 nonnullis
1059 2062 1165 2137 rebus,
1197 2081 1214 2120 e
1236 2062 1347 2141 quibus

236 2175 334 2224 artem
356 2164 474 2244 epicam
495 2162 631 2244 paullulo
652 2182 723 2224 esse
737 2168 915 2245 provectam
928 2167 960 2225 et
975 2166 1092 2245 lapsam
1106 2165 1216 2241 elucet,
1238 2166 1347 2226 eadem

237 2270 302 2328 fere
325 2268 498 2329 conditione
522 2268 569 2328 uti
599 2271 690 2348 atque
722 2269 855 2330 carmina
880 2269 1030 2330 homerica
1054 2268 1194 2349 genuina.
1240 2269 1346 2340 Quare

236 2371 399 2451 hymnum,
429 2373 463 2431 ut
492 2370 559 2431 01110
584 2376 718 2432 aetatem
746 2373 924 2434 certioribus
954 2373 1065 2434 finibus
1093 2374 1345 2450 circumscribam,

234 2482 309 2554 puto
339 2480 472 2535 exeunte
501 2475 622 2536 saeculo
650 2494 729 2535 nono
757 2477 809 2536 vel
838 2477 962 2536 ineunte
993 2476 1113 2537 saeculo
1143 2479 1248 2537 octavo
1271 2482 1345 2538 ante

236 2577 391 2640 Christum
405 2580 512 2639 natum
533 2599 604 2640 esse
620 2581 788 2641 confectum
804 2615 844 2623 —-
860 2580 892 2640 id
912 2580 1068 2658 quodiam
1090 2598 1183 2661 supra
1205 2575 1270 2662 (pg.
1287 2577 1345 2665 49)

237 2682 410 2762 suspicatus
432 2702 507 2743 snm.

325 3093 471 3154 Libenter
486 3092 731 3153 commentationi
747 3092 914 3154 affixissem
930 3094 1166 3176 disputationem
1182 3097 1220 3156 dc
1238 3097 1345 3176 hymni

236 3197 334 3259 nostri
355 3195 497 3258 versibus
512 3196 704 3276 interpolatis
718 3199 751 3258 et
766 3198 887 3278 spuriis,
909 3217 985 3276 quos
1006 3200 1169 3261 nonnullos
1184 3201 1216 3260 in
1230 3201 1345 3281 hymno

237 3302 362 3362 exstare
384 3302 534 3381 procerte
555 3298 651 3360 habeo
672 3317 707 3359 ac
729 3301 767 3361 de
790 3301 898 3380 quibus
912 3302 972 3362 viri
992 3301 1082 3379 docti,
1103 3303 1156 3382 q'ui
1170 3304 1208 3364 dc
1230 3304 1344 3383 hymno

236 3404 425 3465 emendando
446 3404 583 3464 studiose
605 3407 798 3464 navaverunt
813 3423 943 3484 operam,
965 3407 1062 3468 multa
1084 3408 1261 3468 attulerunt.
1300 3407 1346 3469 At

237 3506 444 3569 Guttmannus
456 3505 470 3544 ²
483 3526 582 3589 nuper
597 3508 761 3585 contendit,
781 3506 1023 3570 Baumcisterum
1039 3530 1100 3572 non
1122 3531 1167 3588 ea,
1191 3530 1250 3589 qua
1266 3531 1344 3591 opus

235 3615 327 3687 essct,
350 3611 510 3690 diligentia
531 3631 622 3672 usum
644 3631 714 3672 esse
744 3612 776 3672 in
796 3613 964 3674 referendis
987 3615 1133 3675 librorum
1154 3615 1343 3695 manuscrip-

236 3718 337 3774 torum
367 3714 562 3789 lectionibus,
591 3715 783 3794 potissimum
813 3717 893 3795 qnod
923 3717 962 3777 ad
997 3718 1131 3778 codicem
1160 3718 1344 3798 hymnorum

236 3815 477 3879 Laurentianum
484 3803 591 3898 (plutei
598 3817 740 3894 XXXII,
752 3821 802 3895 45,
812 3818 1080 3883 LaBanmeistero
1089 3822 1214 3900 dictum)
1223 3822 1343 3881 attinet.

236 3920 388 3994 Quocirca
417 3941 509 4004 quum
532 3923 624 4013 certis
653 3923 792 3985 codicum
821 3925 1009 4001 quorundam
1034 3925 1226 4000 lectionibus,
1263 3943 1342 4001 qnae

234 4130 489 4141 —-...-.....

302 4277 329 4348 1)
346 4277 380 4332 01.
399 4279 578 4336 Baumeisteri
595 4282 613 4337 l.
632 4283 651 4336 l.
670 4299 715 4353 pg.
730 4282 790 4339 251.

302 4365 330 4432 2)
348 4366 390 4419 Do
407 4366 498 4437 hymn.
515 4369 641 4425 homerio.
661 4370 756 4428 histor.
774 4371 858 4427 critic.
874 4388 920 4441 pg.
935 4375 968 4428 10
978 4386 1017 4443 sq.
