2828 4814
589 822 763 942 Gaput
798 821 830 919 Ι.
932 770 934 775 ⁵

196 1160 240 1227 Ite
264 1159 406 1230 virorum
430 1160 595 1231 doctorum
614 1165 784 1233 sententiis
808 1165 846 1233 de
867 1165 985 1251 hymno
1008 1163 1042 1231 in
1066 1137 1219 1232 Venerem

621 1267 790 1337 homerico.

235 1403 355 1466 Primus
385 1406 437 1488 qui
463 1408 501 1468 de
527 1409 641 1490 hymno
671 1409 703 1469 in
722 1408 876 1470 Venerem
902 1407 1054 1469 homerico
1076 1405 1263 1467 sententiam
1290 1419 1293 1422 ⁴

148 1506 235 1582 tulit,
266 1508 324 1570 luit
351 1507 635 1573 Groddeokius
675 1513 707 1573 in
728 1511 983 1574 commentatione
1009 1512 1047 1572 de
1076 1511 1262 1591 hymnorum

147 1610 368 1674 homericorum
397 1634 492 1694 supra
519 1616 653 1678 laudata.
697 1615 756 1677 ille
785 1617 866 1677 enim
886 1618 985 1696 putat,
1004 1616 1134 1695 hymnos
1157 1614 1262 1675 home-

147 1715 236 1793 ricos,
260 1718 321 1779 etsi
345 1721 382 1781 ab
403 1719 537 1782 Homero
561 1722 775 1801 confecti'non
798 1721 875 1798 sint,
895 1725 998 1783 tamon
1019 1720 1152 1781 carmina
1173 1719 1263 1798 epioe

146 1825 284 1902 tempore
308 1842 382 1884 sane
403 1826 526 1906 antiquo
549 1828 717 1907 composita
739 1846 818 1905 esse,
841 1827 951 1910 quibus
973 1825 1059 1887 initio
1075 1828 1107 1886 et
1122 1825 1264 1885 extrema

146 1930 234 2007 parte
254 1927 412 1991 clausulae
434 1931 584 2012 quaedam
605 1932 727 1995 effictae
743 1935 816 1994 sunt
830 1933 862 1997 in
876 1934 1022 1994 honorem
1037 1931 1104 1993 eius
1118 1930 1262 2006 numinis,

146 2032 233 2094 cirins
257 2034 374 2095 facinus
395 2036 520 2118 aliquod
542 2037 574 2098 in
595 2037 708 2119 hymno
727 2039 795 2119 ipso
811 2041 963 2099 narratur.
991 2035 1174 2098 Huiusmodi
1189 2056 1261 2097 esse

146 2142 278 2221 quatuor
292 2140 423 2220 hymnos
438 2141 579 2217 maiores,
595 2142 728 2202 minores
744 2146 847 2203 autem
861 2161 931 2203 esse
942 2141 1092 2203 frustulas
1103 2141 1259 2214 maiorum,

146 2260 225 2324 quae
254 2243 410 2323 perierint.
454 2244 525 2307 Non
555 2246 862 2325 praetermittendum
888 2266 973 2321 esse,
1007 2247 1120 2326 hymno
1151 2244 1256 2329 quovis

145 2367 239 2408 unum
257 2351 378 2410 tantum
400 2349 533 2411 numinis
556 2351 671 2413 lactum
692 2351 744 2412 vel
763 2370 855 2412 unam
874 2351 1009 2412 fabulam
1030 2351 1071 2437 ad
1086 2352 1176 2412 deum
1190 2369 1257 2431 per-

148 2452 295 2514 tinentem
326 2454 459 2530 narrari,
496 2454 594 2516 veluti
623 2456 736 2538 hymno
760 2457 792 2517 in
814 2455 968 2517 Venerem
994 2458 1161 2536 composito
1183 2455 1260 2516 deae

147 2557 239 2618 huius
269 2561 301 2619 et
330 2557 486 2630 Anchisae
514 2578 634 2622 amores
657 2559 842 2639 (Groddock.
857 2561 877 2622 l.
894 2561 914 2621 l.
929 2581 981 2642 pg.
999 2563 1062 2639 20),
1093 2561 1205 2642 hymno
1228 2561 1262 2620 in

147 2661 334 2723 Mercurium
361 2663 411 2724 dei
443 2664 566 2726 natales
595 2667 632 2726 ob
662 2667 751 2747 lyrae
781 2665 988 2727 inventionem
1010 2668 1043 2726 et
1064 2667 1156 2726 boum
1177 2665 1262 2726 furta

147 2765 284 2828 celebres
314 2771 515 2848 exponantur.
558 2768 716 2851 Hymnnm
744 2776 847 2831 autem
866 2770 898 2830 in
919 2769 1073 2831 Venerem
1092 2768 1261 2850 pulcherri-

147 2891 230 2932 mum
252 2891 323 2932 esse
344 2875 377 2933 et
398 2873 570 2953 profectum
592 2893 632 2935 ex
652 2873 740 2936 Iliad.
762 2874 865 2955 rha'ps.
888 2893 912 2950 ε,
935 2894 986 2935 vv.
1009 2878 1081 2950 247,
1099 2877 1170 2936 248.
1187 2877 1261 2935 313.

148 2976 192 3038 At
213 2978 245 3039 in
260 2977 404 3054 Homero,
419 2976 633 3041 Groddeckius
656 2980 756 3062 inquit
771 2980 802 3060 (l.
817 2980 837 3041 l.
852 2999 904 3060 pg.
921 2980 984 3056 20),
1004 2982 1040 3040 ut
1060 2978 1262 3060 plurimarum

148 3083 321 3144 fabularum
342 3085 387 3145 ita
408 3083 499 3145 huius
524 3086 642 3145 tantum
663 3085 762 3165 prima
784 3085 902 3146 semina
926 3102 1035 3164 sparsa
1054 3084 1157 3158 vides,
1181 3099 1261 3163 quae

32 3211 38 3232 ·
146 3206 165 3248 a
180 3188 372 3269 sequioribus
388 3189 510 3250 demum
524 3189 634 3270 poetis,
651 3190 703 3271 qui
718 3208 769 3249 res
785 3188 1036 3263 antehomericas,
1052 3204 1129 3269 quas
1145 3187 1261 3262 dicunt,

146 3294 372 3369 tractaverunt,
399 3296 530 3374 excepta
552 3296 645 3377 atque
668 3294 744 3356 adeo
765 3293 891 3355 exculta
914 3294 1002 3368 sunt,
1033 3295 1069 3353 ut
1089 3309 1170 3352 nova
1189 3291 1262 3352 inde

147 3398 283 3460 carmina
303 3399 469 3479 prodirent.
514 3399 552 3460 Id
573 3404 680 3481 patere
704 3419 745 3460 ex
768 3400 882 3460 scholio
905 3399 946 3459 ad
960 3396 1048 3459 Iliad.
1063 3418 1093 3475 v,
1112 3402 1184 3474 307,
1207 3397 1261 3457 ubi

147 3501 304 3565 oraculum
337 3504 413 3566 hoco
448 3507 604 3582 exstaret,
638 3504 751 3566 Priami
788 3505 885 3585 stirpe
920 3504 1075 3565 exstincta
1104 3502 1261 3564 Anchisae

147 3609 281 3688 pesteris
303 3609 462 3689 imperium
485 3629 555 3671 esse
578 3610 775 3672 destinatum.
820 3610 913 3681 Quod
934 3611 969 3669 ut
990 3607 1087 3686 fieret,
1106 3608 1261 3670 Venerem

146 3713 251 3775 Paridi
270 3732 404 3775 amorem
424 3714 563 3776 Helenae
580 3715 750 3776 instillasse
765 3717 798 3776 et
816 3714 861 3776 sie
876 3717 975 3775 totum
987 3714 1102 3776 bellum
1118 3711 1261 3774 Troicum

147 3819 356 3881 commovisse.
389 3816 593 3887 Scholiastam
615 3823 720 3881 autem
741 3819 888 3900 profiteri,
910 3819 989 3881 hanc
999 3818 1261 3880 narratiunculam

148 3944 182 3984 se
203 3924 261 3986 sibi
285 3925 455 4005 sumpsisse
480 3945 520 3986 ex
541 3923 697 3986 Acusilao.
731 3924 822 3986 Hunc
843 3944 917 3986 vero
942 3923 1171 4006 antiquissimos
1192 3942 1258 4003 my·

145 4029 216 4089 thos
252 4048 270 4089 e
304 4029 489 4111 cyclicorum
518 4036 681 4110 poetarum
710 4028 894 4091 carminibus
923 4028 1055 4109 primum
1086 4026 1260 4105 collegisse.

145 4132 189 4194 At
221 4155 262 4195 ex
291 4135 442 4196 Herodoti
473 4135 503 4196 li.
525 4133 567 4194 H.
591 4154 658 4215 opp.
684 4138 745 4195 116
776 4137 808 4196 et
837 4139 897 4195 117
922 4132 1058 4207 elucere,
1090 4132 1121 4192 in
1143 4127 1261 4192 Stasini

146 4232 311 4322 Κυπρίοις
348 4231 462 4301 ἔπεσιν
499 4239 674 4301 huiusmodi
710 4238 830 4302 fabulas
861 4236 1118 4312 antehomericas,
1155 4239 1191 4296 nt
1216 4235 1261 4296 ita

145 4343 256 4420 dicam,
286 4364 356 4406 esse
384 4345 546 4406 tractatas.
590 4345 696 4416 Quare
718 4343 872 4408 concludit
892 4340 1124 4418 Groddeekins,
1148 4338 1259 4403 Acusi-
