2828 4814
512 286 811 377 '-aa-

241 522 273 600 8)
293 513 362 594 ἅλις
389 541 406 581 e
435 521 538 583 radice
567 500 670 604 ΥΠ
696 522 751 582 aut
776 501 872 603 Vm
910 520 1091 601 ‚dringen2
1122 522 1154 582 in
1185 522 1258 603 ling.

153 625 272 689 Sanscr.
306 604 410 706 Vua—r,
441 643 553 707 graece
580 625 612 686 in
640 644 716 688 voce
742 617 850 687 ἆλ-ία
881 626 946 703 ,die
972 626 1056 689 dicht
1085 627 1257 706 gedrdugte

152 730 293 794 Masse‘l.

240 837 272 915 9)
294 828 397 912 ἅναξ
431 837 463 896 et
498 825 709 897 ἅνασσειν.
761 834 982 916 Respucndum
1014 835 1140 911 estid,
1179 837 1260 917 quod

149 940 296 1003 Benfeius
327 940 391 1018 (lex
416 938 501 1000 redd
531 956 650 1018 graeco.
672 936 706 998 H
736 958 787 1020 pg.
813 940 886 1017 186)
910 939 1100 1020 excogitavit
1123 939 1161 1000 de
1182 959 1259 1002 voce

149 1037 239 1122 ἅναξ,
263 1062 355 1127 quam
374 1043 536 1105 conflatam
550 1062 621 1104 esse
635 1045 725 1124 putat
739 1063 780 1105 ex
794 1033 853 1105 dvo
869 1044 1096 1125 praepositione
1110 1048 1143 1105 et
1157 1045 1259 1105 radice

150 1167 203 1209 arc
233 1147 277 1227 (in
305 1148 379 1228 ling.
408 1129 648 1230 senscr.V{rsh1
677 1148 881 1225 ,herrschen‘,
913 1166 988 1227 ergo
1018 1139 1100 1224 ἅναξ
1119 1178 1154 1199 --
1176 1147 1258 1224 ,Ob-

150 1251 333 1328 herrscher).
375 1253 474 1314 Multo
497 1252 607 1314 melius
629 1251 774 1314 iudicium
795 1252 867 1313 tulit
886 1252 1060 1332 nuperrime
1084 1252 1116 1316 Ο.
1139 1251 1259 1332 Anger-

150 1376 280 1419 manuus
304 1357 335 1417 in
358 1357 641 1418 commentariorum
657 1354 717 1437 Gg.
733 1356 832 1420 Curtii
856 1357 1122 1436 grammaticorum
1138 1357 1260 1438 (quibus

150 1461 333 1543 inscriptum
354 1463 412 1537 est,
428 1459 557 1523 Studien
573 1481 628 1523 nur
643 1461 756 1542 grieeh.
771 1461 835 1522 und
849 1460 903 1522 lat.
918 1457 1122 1539 Grammatik)
1137 1461 1198 1521 vol.
1210 1460 1260 1521 ΙΠ

150 1567 252 1628 fascic.
288 1566 374 1647 prim.
409 1585 462 1647 pg.
483 1570 544 1630 117
558 1601 598 1610 -
614 1569 685 1629 122.
742 1564 867 1627 Etenim
896 1564 950 1625 ille
981 1565 1099 1626 confert
1127 1565 1261 1626 radicem

154 1672 268 1733 nendic.
297 1650 402 1755 Vnam,
417 1688 496 1752 quae
511 1669 664 1751 significat
674 1669 842 1749 ,schlagem
859 1670 983 1749 siegen‘
997 1669 1049 1730 vel
1060 1670 1260 1746 ,schi'rtnen,

152 1775 268 1837 heben‘
296 1778 388 1856 (unde
416 1780 495 1857 part.
525 1775 601 1856 perf.
630 1772 751 1836 vdnnus
779 1774 941 1853 ,gi'mstig‘
960 1810 1003 1819 -
1021 1774 1040 1836 l.
1061 1774 1080 1835 l.
1102 1794 1154 1854 pg.
1178 1775 1260 1852 118).

153 1878 347 1962 Signifioaret
369 1880 466 1960 igitur
486 1878 655 1959 antiquitus
666 1868 749 1951 ἄναξ
758 1878 891 1937 tutorem
904 1878 936 1936 et
947 1863 1262 1952 oirdoorw,tutorem

150 1988 235 2047 esse‘
251 2020 293 2030 -
308 1985 339 2045 id
364 1984 445 2064 qnod
468 1980 633 2061 posteriori
647 1979 733 2041 vocis
750 1978 967 2059 significationi
982 1982 1094 2061 optime
1110 1982 1262 2061 congruit.

149 2089 338 2150 Persuasum
360 2087 457 2148 habeo
479 2103 587 2147 vocem
608 2103 728 2167 quoque

217 2191 271 2269 10)
282 2181 379 2252 Ἴλιον
394 2189 546 2269 digamma
560 2208 630 2250 esse
644 2189 864 2264 instruendam,
879 2207 1062 2270 quamquam
1073 2190 1261 2269 probabilem

150 2296 217 2357 eius
240 2294 460 2376 etymologiam
474 2313 573 2375 neque
587 2294 749 2377 quisquam
763 2293 931 2374 proposuit,
952 2294 1053 2375 quoad
1069 2294 1140 2370 scio,
1162 2315 1262 2377 neque

149 2402 216 2481 ipse
247 2400 385 2480 proferre
412 2418 546 2480 possum.
597 2397 641 2460 At
663 2399 746 2479 apud
767 2396 934 2459 Homerum
956 2400 1004 2459 tot
1024 2401 1096 2460 sunt
1116 2399 1262 2479 digammi

148 2505 291 2584 vestigia,
309 2507 345 2565 ut
364 2505 429 2566 solo
450 2504 627 2584 linguarum
650 2510 852 2583 cognatarum
871 2502 1044 2563 testimonio
1060 2521 1207 2582 egeamus
1223 2505 1263 2566 ad

149 2628 214 2670 rem
235 2609 327 2688 plane
349 2609 570 2689 explicandam.

237 2712 296 2774 His
319 2713 415 2793 igitur
438 2713 477 2774 de
498 2712 651 2792 digammo
673 2711 846 2791 praeceptis
870 2710 1001 2790 cognitis
1025 2711 1168 2773 assentiri
1191 2733 1260 2793 pos-

150 2837 256 2879 sumus
278 2816 461 2879 Hoffmanno
491 2815 783 2897 (l.1.11pg.188),
804 2835 897 2897 quum
919 2815 1005 2895 legat
1027 2815 1059 2876 in
1081 2821 1146 2877 v.6
1177 2818 1261 2881 πᾶσι

150 2917 186 2983 δὲ
208 2914 293 3004 ἔργα,
315 2923 427 3003 quippe
451 2941 541 3003 quam
560 2920 743 3002 scripturam
765 2920 886 2981 codices
900 2919 1123 2981 Moseoviensis
1139 2925 1171 2981 et
1189 2920 1261 2982 Am-

150 3024 312 3086 brosianus
340 3026 521 3101 exhibeant,
554 3043 649 3106 aeque
678 3025 711 3085 in
736 3045 767 3084 v.
788 3027 831 3085 44
856 3017 949 3085 κεδνὰ
975 3015 1079 3086 ἰδυῖαν
1101 3027 1133 3086 et
1152 3046 1182 3088 v.
1199 3031 1260 3089 134

151 3123 251 3190 nadad
275 3120 368 3213 ἰδυίῃ,
393 3147 454 3190 non
477 3131 588 3205 autem,
612 3148 705 3210 quum
727 3131 834 3190 contra
847 3127 994 3189 librorum
1010 3129 1142 3190 omnium
1157 3134 1260 3192 aucto-

150 3233 274 3295 ritatem
296 3235 394 3295 mutet
415 3253 445 3294 v.
463 3237 523 3295 167
541 3225 591 3294 ἰδὲ
606 3218 723 3312 εἵματα
737 3233 831 3314 (quod
846 3232 877 3293 in
892 3236 1012 3295 textum
1033 3231 1262 3296 Baumeisterus

150 3339 266 3419 recepit
299 3342 407 3400 contra
440 3338 534 3400 codic.
563 3337 767 3400 Moscoviens.
793 3337 1020 3412 auctoritatem,
1049 3338 1098 3399 oui
1122 3337 1263 3419 equidem

151 3461 221 3503 cum
240 3441 432 3505 Windischio
457 3461 605 3504 summam
623 3443 720 3504 habeo
735 3441 826 3504 fidem
842 3442 941 3523 deque
956 3460 1015 3524 quo
1031 3440 1262 3504 Baumeisterus

151 3566 203 3627 pg.
227 3548 267 3607 95
294 3545 603 3626 viniquum'iudicium
629 3547 712 3624 tulit)
744 3548 830 3607 etv.
855 3549 916 3606 169
938 3546 1017 3624 βοῦς
1037 3540 1093 3606 καὶ
1115 3536 1191 3629 ἴφια
1220 3540 1263 3625 (ἲς

150 3670 214 3711 vox
237 3668 421 3732 quamquam
450 3651 603 3712 interdum
625 3650 777 3730 digammo
800 3648 912 3725 utitur,
934 3653 1037 3710 tamen
1059 3649 1092 3710 id
1115 3650 1261 3711 hocloco

152 3755 335 3816 restituatur
350 3773 478 3816 necesse
492 3775 554 3816 non
571 3758 630 3831 est,
645 3755 727 3838 quod
737 3754 840 3816 hiatus
853 3754 890 3815 ob
901 3771 1062 3816 caesuram
1071 3756 1142 3834 post
1152 3755 1262 3834 pedem

152 3856 170 3918 I
190 3859 263 3920 ferri
283 3861 395 3939 potest.

239 3962 381 4025 Vidimus
408 3963 504 4043 igitur
533 3964 564 4025 in
594 3963 708 4045 hymno
733 3965 839 4024 nostro
872 3961 1008 4041 vestigia
1030 3961 1176 4040 digammi
1197 3961 1263 4022 vivi

152 4070 278 4129 exstare
298 4086 339 4129 ex
359 4067 480 4146 legibus
501 4067 616 4144 iisdem,
640 4087 719 4150 quae
734 4067 765 4128 in
781 4066 964 4129 carminibus
979 4065 1138 4126 homericis
1154 4066 1261 4144 depre-

151 4171 334 4233 henduntur.
376 4171 482 4242 Quare
503 4173 617 4233 factum
639 4175 696 4247 est,
715 4176 751 4232 ut
772 4170 967 4232 Hermannus
988 4168 1020 4230 in
1045 4169 1177 4229 editione
1202 4168 1261 4247 hy-

152 4293 290 4338 mnorum
311 4276 532 4338 homericorum
549 4295 606 4338 sua
624 4278 655 4338 in
665 4276 880 4367 commentario
893 4275 933 4336 ad
947 4296 976 4335 u.
988 4278 1029 4337 86
1044 4271 1142 4333 nostri
1156 4270 1263 4349 hymni

224 4425 251 4496 1)
269 4381 425 4497 ῡςοῖιω
439 4429 458 4482 1.
477 4429 497 4482 1.
515 4444 561 4497 pg.
574 4428 635 4483 soa
