2828 4814
602 381 819 436 ..11..„

152 565 259 644 populi
289 565 595 641 circumferebantur,
625 584 695 626 esse
722 562 932 644 compositum.
977 563 1040 634 Qui
1061 565 1151 645 plura
1168 547 1264 642 dicat,

154 689 224 729 erim
253 670 291 729 de
318 672 402 730 recto
434 669 554 731 sobriae
581 668 831 748 investigationis
860 666 982 729 tramite
1006 668 1159 730 declinare
1183 669 1263 730 Bau-

152 775 314 835 meisterus
345 775 401 854 put
422 776 444 835 t.
495 772 619 837 Utinam
645 793 679 834 re
701 773 874 834 accuratius
896 775 1103 852 perpensaet
1123 774 1265 852 exposita

151 878 287 959 paullulo
317 877 517 954 declinasset,
548 879 684 958 profecto
713 877 779 938 iure
808 895 863 937 suo
892 895 933 937 ex
962 877 1055 938 rebus
1085 877 1264 956 praemissis

150 984 247 1044 multa
270 985 353 1044 recte
376 982 592 1043 conclusisset!
626 979 671 1043 At
690 981 742 1042 ille
765 981 869 1042 missis
892 980 1058 1061 figmentis,
1081 1000 1159 1062 quae
1180 982 1263 1057 dicit,

151 1087 306 1169 acquievit
328 1086 359 1146 in
381 1085 570 1166 castigandis
588 1085 758 1147 Hermanni
778 1085 875 1149 obelis
898 1089 930 1146 et
950 1085 983 1145 in
997 1086 1181 1148 removeudo
1196 1086 1263 1147 loco

150 1192 214 1252 illo
227 1193 371 1272 suspecto
392 1192 560 1275 denatura
582 1209 618 1252 ao
639 1191 706 1252 vita
726 1191 931 1271 nympharum
953 1191 1151 1252 silvestrium.

237 1295 296 1355 His
318 1295 414 1374 igitur
434 1295 572 1357 virorum
592 1295 751 1357 doctorum
767 1294 805 1355 de
817 1287 931 1374 hymno
947 1293 979 1354 in
992 1294 1146 1355 Venerem
1158 1297 1263 1355 nostro
1296 1326 1301 1331 .

151 1398 343 1480 opinionibus
378 1399 484 1483 variis
511 1417 548 1460 ac
575 1398 795 1461 diversissimis
827 1397 980 1477 copiosius
1011 1399 1162 1459 enarratis
1190 1399 1264 1460 mihi

149 1508 200 1565 est
220 1503 410 1584 propositum
430 1499 625 1584 gravissimis
644 1487 735 1585 quam
756 1504 864 1582 potero
887 1502 1077 1581 argumentis
1100 1521 1264 1582 exponere,
1290 1537 1292 1542 ·

149 1609 221 1692 quid
243 1610 313 1687 ipse
333 1607 473 1669 sentiam.
519 1606 611 1678 Quod
633 1612 668 1667 ut
690 1605 848 1687 perficiam
868 1605 988 1666 duabus
1003 1607 1096 1667 rebus
1113 1625 1190 1686 opus
1206 1609 1263 1669 est,

149 1713 281 1792 primum
302 1714 338 1772 ut
360 1712 398 1772 de
421 1711 526 1792 hymni
548 1730 582 1772 re
597 1705 724 1773 metrica
738 1713 770 1772 et
784 1711 930 1786 oratione,
954 1711 1061 1792 quales
1077 1710 1147 1786 sint,
1170 1730 1262 1793 quae-

151 1816 266 1876 stiones
289 1815 464 1891 instituam,
496 1816 607 1877 deiude
629 1818 665 1876 ut
685 1805 901 1896 argumentum
921 1815 1028 1895 hymni
1049 1814 1168 1876 curiose
1190 1834 1263 1876 exa·

149 1920 269 1981 minem.
303 1920 381 1981 Tum
404 1921 430 1981 si
453 1920 661 2000 explanavero
685 1921 837 2001 quatenus
852 1917 930 1983 illud
945 1918 984 1978 ad
1000 1919 1061 1980 alia
1075 1915 1264 1980 Graecorum

149 2027 284 2087 carmina
315 2025 402 2104 epica
434 2025 466 2084 et
498 2026 598 2085 totum
625 2025 657 2084 et
682 2022 813 2101 singulis
836 2022 868 2083 in
890 2023 983 2082 rebus
1004 2023 1131 2084 accedat
1151 2024 1203 2084 vel
1225 2025 1262 2084 ab

148 2130 187 2189 iis
215 2128 355 2202 recedat,
396 2131 486 2207 spero
517 2127 581 2189 fore
609 2129 645 2188 ut
671 2126 819 2188 nonnulla
848 2128 880 2187 et
905 2126 1074 2207 probabilia
1096 2127 1135 2188 de
1158 2128 1264 2209 hymni

151 2233 252 2293 nostri
274 2232 376 2312 patria
398 2250 434 2293 ac
453 2235 546 2312 poeta
567 2233 704 2313 proferre
727 2230 851 2312 possim.
907 2238 909 2245 '
