2828 4814
605 369 823 427 ..37-

160 557 288 632 tientur,
319 556 363 619 sio
392 548 510 639 ἐέλδωρ
539 574 581 616 ex
603 548 740 637 e'fe'ldmp
761 572 779 615 a
801 553 904 617 radiee
925 549 1003 621 fsto
1022 555 1071 634 (of.
1094 555 1155 638 Gg.
1171 558 1269 622 Curtii

161 658 347 742 Grundziige
368 680 421 742 pg.
437 659 523 737 502).

240 763 301 841 111)
328 764 432 827 Tertio
456 765 523 826 loeo
547 765 596 824 est
618 761 787 839 dicendum,
807 762 995 842 digammum
1018 765 1138 827 ostendi
1161 766 1266 828 formis

158 869 294 931 eiusdem
324 870 446 950 stirpis,
475 887 553 951 quae
582 867 614 928 in
636 867 767 930 dialecto
789 865 976 930 Graecorum
998 870 1100 951 aliqua
1122 870 1266 951 digammi

155 974 323 1053 vestigium
346 973 534 1051 servaruntl.
569 972 612 1033 Et
634 972 692 1034 hao
715 972 837 1055 quidem
853 992 886 1034 re
901 974 1006 1034 decem
1022 973 1144 1035 illarum
1157 995 1266 1037 vocum

155 1078 187 1139 iu
216 1079 329 1159 hymno
356 1081 460 1140 nostro
482 1078 634 1158 digammo
657 1076 809 1139 utentium
831 1077 943 1158 stirpes
966 1077 1170 1140 illustrantur.
1215 1077 1266 1142 Sio

156 1182 251 1264 stirps
274 1183 359 1245 rosis
381 1174 472 1266 ἔργον
495 1182 600 1244 formis
626 1181 723 1242 eleide
744 1171 862 1263 Ῐάργον
885 1185 917 1244 et
939 1182 1074 1245 laooniea
1089 1176 1266 1266 γᾶ-βεργος,

156 1288 250 1368 stirps
266 1281 322 1350 dos
337 1288 442 1349 formis
455 1287 590 1349 lesbiaea
603 1279 703 1350 fdosa
719 1303 755 1346 ao
765 1286 868 1347 dorioa
882 1277 1042 1368 γάόεσθαι
1059 1280 1265 1371 &dilaudat-

155 1390 187 1454 in
216 1391 432 1474 inscriptione²
463 1392 594 1475 quadam
623 1390 708 1452 urbis
730 1389 883 1453 Lebadiae
910 1399 958 1452 est
978 1411 1087 1454 nomeu
1109 1393 1266 1474 proprium

155 1487 302 1575 Ιάσιάς),
319 1497 412 1574 stirps
428 1485 518 1570 οἶκος
532 1497 629 1556 forma
642 1495 782 1557 boeotioa
796 1487 907 1572 fusio,
926 1496 1020 1576 stirps
1037 1488 1130 1570 εἰδώς
1144 1497 1265 1559 nomine

154 1601 390 1680 magistratuum
406 1601 598 1683 quorundam
607 1599 919 1662 Lacedaemoniorum
934 1591 1047 1661 Βίδεοι
1058 1600 1109 1661 vel
1121 1592 1263 1676 atavam,

154 1705 249 1787 stirps
278 1691 354 1782 εἷμα
383 1706 489 1767 formis
519 1705 635 1767 aeoliea
654 1698 819 1786 γέμμανα,
851 1703 988 1766 lasonioa
1009 1698 1136 1784 βεσνὸν,
1159 1706 1266 1786 cypria

154 1801 256 1884 ὕεσις,
292 1809 387 1891 stirps
422 1810 610 1890 pronominis
640 1827 791 1889 personae
817 1807 930 1869 tertiae
959 1808 1130 1889 personalis
1160 1809 1265 1871 formis

153 1913 276 1975 aeolicis
295 1907 409 1987 fe'dsa,
441 1909 493 1991 fs,
524 1905 586 1988 rot,
620 1911 714 1990 stirps
743 1899 838 1972 εἶπον
866 1911 970 1972 formis
992 1911 1128 1973 lesbiaea
1148 1909 1264 1978 fainov

152 2020 185 2079 et
211 2017 352 2078 boeotioa
379 2013 500 2092 Γῖννσν,
533 2015 627 2094 stirps
656 2006 738 2090 ἄναξ
765 2018 796 2075 et
827 2001 976 2077 ἀνάσσειν
1001 2016 1106 2077 formis
1129 2017 1265 2079 laoonioa

152 2107 415 2202 Εὗρν-βάνασσα
434 2120 467 2180 et
489 2118 601 2180 oretioa
623 2110 871 2198 Βαναξίβουλος.

239 2223 298 2300 IV)
329 2210 534 2286 Etiamsivero
570 2242 630 2284 uno
659 2223 795 2285 alterove
825 2224 933 2286 horum
962 2225 1055 2287 trium
1082 2225 1262 2289 indiciorum

152 2330 339 2410 digammum
370 2329 537 2404 indicatur,
576 2331 679 2390 tamen
715 2328 841 2390 aooedat
868 2349 995 2392 neeesse
1023 2333 1072 2392 est
1111 2333 1259 2414 quaestio,

150 2455 211 2517 qua
231 2436 466 2511 demonstratur,
489 2433 622 2495 radioem
645 2432 751 2513 stirpis
775 2434 958 2495 instructam
980 2434 1077 2496 fuisse
1099 2437 1262 2516 digammo,

153 2539 233 2619 quod
264 2539 295 2599 in
325 2538 428 2620 aliqua
456 2538 507 2599 vel
536 2537 676 2618 pluribus
696 2536 812 2616 linguis
835 2538 975 2616 cognatis
996 2537 1100 2599 littera
1124 2539 1262 2618 spirante

152 2644 214 2710 ,w‘
244 2643 296 2703 vel
325 2642 385 2703 alia
413 2641 506 2702 huius
534 2641 625 2702 simili
651 2642 807 2702 servatum
836 2643 892 2703 est.
939 2643 1044 2713 Quare
1066 2643 1263 2706 statuendum

150 2767 221 2809 esse
242 2748 317 2827 puto
340 2746 456 2807 nullam
478 2745 620 2821 radicem,
643 2744 704 2806 nisi
726 2745 758 2806 in
773 2764 833 2828 qua
847 2745 954 2825 lingua
970 2751 1102 2827 cognata
1117 2748 1263 2829 digammi

149 2851 316 2932 vestigium
338 2853 455 2913 eertum
477 2852 590 2926 exstet,
613 2850 767 2930 digammo
790 2870 862 2912 esse
877 2848 1097 2913 instruendam.
1130 2852 1178 2915 Ob
1194 2874 1262 2915 eam

151 2973 275 3016 oausam
309 2955 341 3015 in
372 2954 498 3015 Homeri
531 2953 716 3015 carminibus
746 2951 805 3033 Gg.
829 2953 954 3017 Curtius
991 2955 1108 3017 invenit
1142 2959 1260 3019 tantum

151 3061 216 3119 tres
232 3060 263 3118 et
277 3058 406 3138 triginta
420 3056 596 3119 huiusmodi
611 3056 739 3132 radices,
756 3077 813 3137 ego
829 3058 861 3118 in
876 3058 989 3140 hymno
1004 3058 1135 3122 Veneris
1150 3081 1260 3124 novem

149 3163 295 3242 (fortasse
318 3162 444 3239 deoem),
467 3180 544 3243 quas
564 3180 644 3223 nuno
665 3157 842 3242 prolaturus
866 3184 941 3225 sum.

240 3267 270 3344 1)
294 3258 385 3349 ἔργον
418 3248 465 3311 -’
489 3287 507 3328 e
533 3266 638 3328 radioe
660 3253 779 3351 W
811 3270 958 3348 quaeest
980 3268 1011 3329 in
1032 3259 1258 3352 ἐργ-ά-ζομαι

150 3373 182 3432 et
218 3365 296 3452 ῥέζω
326 3373 379 3449 (ex
404 3369 548 3452 laoy-jao
575 3391 631 3453 per
660 3372 872 3450 metathesin),
904 3373 935 3432 in
965 3373 1071 3452 lingua
1101 3371 1259 3436 Senserita

149 3473 339 3555 vrtg-a-mi
361 3477 530 3555 ,proeedo‘,
561 3475 686 3538 zendiee
708 3495 800 3538 varez
825 3476 983 3552 ‚wirken‘,
1015 3477 1118 3556 gotiee'
1139 3475 1258 3539 vaurk-

145 3580 208 3659 jan,
227 3579 366 3640 nostrum
385 3578 542 3654 ,Werk‘⁴.

222 3748 248 3812 1)
264 3746 394 3814 Exempla
411 3744 480 3813 petii
497 3763 528 3801 er
545 3746 672 3801 Ahrensii
689 3746 757 3802 libro
776 3746 946 3803 celeberrimo
965 3750 1019 3812 ,De
1037 3749 1160 3804 dialectis
1174 3750 1257 3806 Grae-

150 3839 263 3897 cornrn‘,
282 3833 328 3903 qui
349 3833 451 3902 prodiit
470 3832 617 3905 Gottingae
635 3851 659 3889 a.
681 3837 756 3892 1839.

220 3921 246 3988 2)
266 3920 299 3974 ef.
320 3919 381 3975 Keil
400 3919 451 3974 Zur
469 3919 577 3991 Sylloge
595 3922 717 3991 inscript.
736 3922 828 3979 Boeot.
849 3940 894 3992 pg.
907 3923 967 3978 554.

219 4008 248 4076 3)
266 4007 299 4063 ef.
319 4006 485 4062 Schoemann
503 4006 607 4064 Grieeh.
626 4010 809 4066 Alterthilmer
828 4011 850 4064 2.
865 4009 934 4065 Anfl.
956 4011 1022 4066 1861
1041 4010 1055 4063 I
1073 4028 1117 4079 pg.
1133 4013 1192 4075 256,
1211 4009 1257 4080 qui

149 4096 177 4149 in
203 4093 321 4148 medium
344 4097 422 4148 vocat
446 4094 575 4149 Plutarch
596 4095 658 4164 Lyo.
682 4114 703 4150 e.
726 4100 774 4160 17,
807 4096 955 4165 Xenophon
980 4113 1050 4165 resp.
1070 4096 1165 4152 Laced.
1186 4098 1253 4160 12,

148 4179 296 4236 Pausanias
314 4179 365 4244 111,
385 4181 426 4244 11,
445 4182 470 4245 2,
489 4181 580 4236 Bdelrh
600 4183 677 4252 Oorp.
696 4183 820 4252 Inseript
839 4183 931 4238 Graec.
951 4183 966 4236 Ι
989 4200 1053 4254 pgg.
1073 4184 1115 4240 88.
1135 4185 1193 4237 6119.

217 4268 246 4335 4)
265 4266 298 4322 of.
320 4265 371 4336 Gg.
385 4267 472 4322 Curtii
491 4269 509 4322 l.
530 4269 549 4326 l.
569 4285 614 4338 pg.
633 4271 698 4347 1713
718 4270 872 4325 Hoffrnanni
885 4271 993 4336 Quaest.
1007 4272 1086 4325 Hom.
1100 4269 1129 4322 Π
1148 4285 1192 4336 pg.
1207 4269 1253 4331 23;

149 4349 255 4406 Ahrens
269 4354 309 4408 De
326 4353 391 4408 dial.
404 4353 494 4410 dorica
505 4358 604 4424 pg.4ti;
616 4357 682 4412 Fiok
694 4356 869 4412 Wdrterbueh
882 4359 929 4411 der
940 4356 1087 4427 indogerm.
1103 4353 1253 4423 Urspraehe

148 4436 309 4509 (Gottingae
326 4441 405 4511 1868)
424 4459 470 4511 pg.
492 4444 550 4498 163.
