2828 4814
608 282 802 338 ..2-

149 468 226 528 sinis
248 485 360 528 novam
382 467 469 548 quasi
491 467 574 528 viam
598 468 781 548 hymnorum
801 469 832 528 et
848 467 1035 528 edendorum
1051 469 1082 528 et
1098 470 1263 530 emendan-

147 573 255 632 dorum
278 571 432 651 patefecit.
478 570 581 653 Atque
603 571 707 652 paullo
730 575 802 652 post
825 572 956 651 contigit
982 590 1055 633 casu
1076 573 1263 649 felicissimo,

146 678 182 736 ut
217 673 299 754 Aug.
320 674 509 735 Matthiaeus
532 673 708 736 Moscoviae
746 675 785 752 (a.
819 678 915 753 1780)
950 675 1099 756 reperiret
1127 677 1264 737 codicem

147 780 239 859 pretii
262 779 380 854 summi,
403 778 434 839 in
459 797 518 859 quo
540 779 621 839 inter
643 784 763 840 ceteros
785 779 916 860 hymnos
939 781 1109 843 homericos
1128 781 1263 862 hymnus

146 884 178 943 in
195 883 338 947 Cererem
358 902 478 965 quoque
494 884 646 960 exstabat,
662 884 715 965 qui
730 901 913 965 quamquam
927 886 1111 947 testimoniis
1122 889 1265 946 veterum

148 988 332 1068 scriptorum
354 987 532 1049 notissimus
555 988 722 1068 permulta
737 990 840 1050 tamen
856 990 980 1050 saecula
995 991 1137 1051 latuerat.
1170 990 1264 1060 Quod

148 1112 270 1154 carmen
292 1092 496 1156 Ruhnkenius
527 1096 565 1173 (a.
584 1093 679 1171 1782)
710 1094 816 1155 multis
844 1093 919 1156 locis
942 1096 1135 1156 emendatum
1157 1094 1263 1154 edidit.

147 1197 227 1258 Dein
249 1195 463 1260 Groddeokius
491 1199 745 1260 commentatione
776 1199 815 1260 de
837 1199 1020 1280 hymnorum
1041 1198 1264 1261 homericcrum

148 1301 285 1383 reliquiis
314 1304 352 1381 (a.
371 1302 467 1380 1786)
500 1302 615 1383 scripta
645 1303 768 1385 hymnis
791 1305 950 1384 exiguam,
980 1304 1035 1365 sed
1059 1323 1133 1365 sane
1155 1303 1264 1363 utilem

149 1426 272 1487 operam
294 1409 423 1469 navavit
445 1426 501 1470 nec
523 1428 584 1469 non
599 1407 733 1471 Wolfius
752 1409 784 1469 in
799 1409 1026 1488 prolegomenis
1041 1409 1081 1470 ad
1095 1401 1263 1469 Homerum

155 1511 245 1587 datis,
266 1513 303 1572 cl.
327 1510 469 1575 Schwalb
491 1514 523 1574 in
545 1531 648 1593 progr.
671 1513 796 1573 laudato
814 1512 898 1576 Olev.
918 1532 970 1593 pg.
990 1516 1030 1573 10
1051 1533 1095 1594 sq.
1124 1512 1265 1592 ilgerius

150 1618 265 1692 autem,
304 1617 357 1698 qui
392 1618 524 1698 hymnos
562 1618 643 1678 iusto
676 1617 832 1677 volumine
867 1635 894 1677 a.
926 1621 1008 1678 1786
1039 1617 1149 1694 edidit,
1183 1637 1263 1677 oom-

149 1719 296 1799 plectitur
322 1722 386 1782 fere
414 1740 535 1797 omnes,
566 1739 644 1803 quae
672 1739 771 1802 usque
801 1721 841 1781 ad
871 1720 903 1782 id
936 1723 1058 1800 tempus
1089 1724 1264 1797 exstabant,

150 1825 309 1904 opiniones
337 1827 369 1885 et
397 1826 668 1887 commentationes
694 1825 732 1885 de
761 1824 893 1906 hymnis.
938 1824 1038 1895 Quem
1067 1824 1170 1904 paullo
1194 1833 1265 1906 post

151 1932 276 1989 secutus
298 1934 347 1990 est
368 1927 450 2009 Aug.
465 1929 663 2004 Matthiaeus,
687 1928 775 1990 cuius
791 1928 1071 1990 animadversiones
1087 1929 1118 1989 in
1133 1931 1264 2010 hymnos

152 2033 321 2095 homericos
345 2052 371 2094 a.
396 2038 479 2096 1800
504 2034 702 2116 eiusdemque
724 2033 817 2094 editio
837 2033 1021 2114 hymnorum
1043 2052 1068 2094 a.
1087 2037 1170 2096 1805
1194 2055 1263 2115 pro-

151 2138 281 2199 dierunt.
310 2136 373 2199 Sed
388 2141 552 2219 utrumque
563 2140 657 2218 longe
674 2138 833 2218 superavit
849 2120 1043 2199 Godofredus
1059 2138 1263 2216 Romaanus,

151 2243 203 2324 qui
217 2242 249 2302 in
264 2242 398 2303 editione
413 2261 470 2303 sua
481 2245 513 2303 et
523 2243 628 2303 verbis
640 2243 838 2303 emendandis
850 2246 881 2303 et
894 2242 1054 2304 sententiis
1066 2243 1261 2304 enucleandis

150 2349 271 2407 tantum
298 2347 471 2426 praestitit,
506 2350 541 2407 ut
563 2346 689 2408 dubium
708 2365 769 2407 non
789 2348 843 2423 sit,
881 2347 954 2429 quin
976 2346 1151 2408 Ruhnkenii
1169 2346 1261 2404 etiam

151 2450 259 2511 laudes
283 2451 512 2533 adaequaverit.
548 2451 624 2512 Post
639 2450 849 2512 Hermannum
864 2450 946 2512 Frid.
962 2451 1117 2513 Frankius
1132 2451 1259 2530 hymnos

152 2555 191 2616 ad
212 2556 396 2636 optimarum
417 2556 585 2617 editionum
606 2554 698 2617 fidem
720 2555 875 2617 recensuit
897 2562 929 2617 et
951 2556 1071 2617 delectu
1089 2555 1262 2636 opinionum

152 2660 255 2721 habito
285 2679 338 2721 eos
367 2661 449 2721 notis
474 2661 622 2722 instruxit
640 2661 832 2741 potissimum
851 2659 1061 2722 Hermannum
1082 2661 1264 2739 magistrum

151 2768 284 2826 secutus.
329 2763 373 2826 At
399 2765 487 2827 libris
513 2766 745 2847 manuscriptis,
782 2767 835 2849 qui
864 2766 1036 2831 certissima
1057 2784 1128 2825 esse
1150 2765 1263 2824 debent

148 2869 347 2931 fundamenta
378 2889 505 2950 operum
532 2873 673 2931 veterum
703 2872 886 2951 scriptorum
909 2869 1106 2942 edendorum,
1145 2885 1182 2927 ea
1203 2886 1263 2948 qua

149 2992 206 3052 par
226 2976 275 3034 est
290 2973 461 3036 subtilitate
476 2977 508 3035 et
523 2974 685 3055 diligentia
699 2978 809 3037 neuter
823 2994 899 3037 usus
915 2977 973 3036 est.
1000 2970 1117 3034 Nostra
1131 2973 1263 3053 denique

150 3080 252 3138 aetate
289 3077 395 3159 hymni
432 3079 577 3140 homerici
613 3081 796 3142 invenerunt
825 3079 989 3153 editorem,
1031 3078 1082 3159 qui
1112 3080 1262 3156 apparatu

151 3182 255 3243 critico
278 3183 382 3267 viaet
404 3184 523 3245 ratione
546 3184 673 3248 collecto
696 3187 735 3247 iis
752 3184 912 3247 subiunxit
927 3182 1073 3256 subsidia,
1097 3181 1206 3259 quibus
1223 3178 1263 3238 ad

150 3306 204 3348 eos
232 3280 431 3367 castigandos
462 3293 493 3351 et
523 3291 730 3352 emendandos
752 3310 829 3371 opus
850 3289 907 3348 est.
951 3284 1075 3346 Etenim
1097 3279 1262 3343 Schneide-

150 3391 250 3453 winus
272 3411 328 3472 per
351 3392 388 3453 H.
399 3392 532 3455 Keilium
553 3415 584 3457 v.
601 3395 637 3474 d,
653 3396 783 3456 duorum
796 3394 943 3455 librorum
958 3382 1138 3452 collationes
1153 3391 1262 3449 nactus

151 3514 187 3557 ac
216 3500 380 3578 postquam
409 3498 544 3560 codicem
574 3499 819 3561 Moscoviensem
858 3497 951 3574 (nunc
970 3493 1164 3571 Leidensem)
1196 3493 1262 3573 ipse

151 3601 250 3661 denuo
282 3603 435 3681 excussit,
464 3605 563 3666 animo
592 3603 691 3666 volvit
712 3592 804 3663 edere
825 3601 956 3681 hymnos
978 3586 1156 3661 homericos.
1202 3595 1264 3657 Sed

152 3723 230 3765 anno
263 3707 345 3766 1856
370 3712 565 3788 praematura
588 3711 687 3769 morte
715 3707 862 3786 abreptus
890 3708 947 3766 est.
993 3706 1114 3777 Quibus
1137 3701 1262 3765 Schnei-

152 3809 265 3870 dewini
291 3811 436 3874 subsidiis
460 3814 629 3875 instructus
652 3814 684 3872 et
706 3810 815 3871 intima
836 3809 1059 3885 familiaritate,
1090 3827 1181 3891 quam
1203 3809 1265 3868 iam

151 3913 267 3974 dudum
289 3934 358 3976 oum
372 3916 498 3982 Homeri
513 3915 698 3979 carminibus
713 3914 890 3990 minoribus,
909 3934 988 3996 quae
1003 3916 1125 3990 vocant,
1148 3912 1264 3986 habuit,

151 4020 267 4099 „quasi
288 4021 468 4083 indicatus“
491 4057 533 4066 -
555 4020 743 4101 Koechly
765 4019 797 4080 in
816 4014 970 4100 program.
993 4017 1093 4080 Turic.
1114 4037 1140 4078 a.
1162 4019 1264 4091 1856,

151 4121 383 4186 Baumeisterus
406 4125 438 4185 in
458 4124 530 4185 edit.
552 4125 655 4205 hymn.
677 4123 772 4204 praef.
795 4143 847 4204 pg.
870 4123 900 4185 V
916 4159 967 4199 —,
996 4121 1160 4202 Augustus
1183 4120 1263 4180 Bau-

151 4227 329 4299 meisterus‚
368 4246 395 4288 a.
419 4230 504 4288 1860
533 4214 630 4289 edidit
657 4229 788 4310 hymnos
816 4228 985 4288 homericos
1015 4247 1083 4288 oum
1113 4227 1265 4305 apparatu

151 4332 255 4393 critico
279 4334 311 4393 et
329 4333 410 4393 notis
428 4312 504 4393 xcum
525 4333 682 4396 variorum
703 4337 769 4395 tum
792 4333 856 4393 suis
880 4331 1016 4393 adiectis.
