2828 4814
641 1070 816 1190 Caput
852 1069 911 1168 II.

703 1279 855 1289 —----

223 1417 429 1500 quaestiones
457 1417 609 1486 metricae
629 1420 662 1487 et
682 1416 916 1503 grammaticae.
930 1415 968 1484 de
990 1417 1108 1503 hymno
1126 1418 1161 1485 in
1184 1419 1343 1489 Venerem

693 1518 868 1588 Homerico.

311 1664 445 1726 Poeseos
466 1661 653 1726 Graecorum
687 1663 792 1744 epicae
825 1663 985 1725 historiam
1014 1665 1040 1726 si
1070 1666 1139 1747 quis
1162 1669 1342 1730 accuratius

222 1768 426 1850 perspexerit,
447 1767 530 1828 facili
553 1786 645 1848 opere
667 1767 812 1842 inveniet,
836 1752 1058 1848 antiquissimis
1070 1770 1259 1850 temporibus
1276 1772 1341 1834 duo

223 1873 346 1935 illorum
376 1871 542 1934 carminum
572 1892 687 1952 genera
719 1872 825 1951 senisse,
846 1871 986 1947 alterum,
1009 1873 1091 1955 quod
1112 1874 1247 1935 continet
1270 1894 1341 1937 car-

223 1978 305 2039 mina
326 1977 431 2058 epioa,
462 1994 540 2057 quae
571 1997 612 2037 ex
633 1975 743 2037 Ionum
765 1975 889 2055 ingenio
912 1995 948 2038 ac
967 1976 1100 2038 dictione
1122 1979 1244 2040 condita
1266 1999 1342 2041 esse

223 2082 415 2157 videbantur,
439 2101 537 2160 genus
553 2080 758 2157 Homericum,
782 2081 809 2142 si
822 2081 867 2142 ita
876 2080 979 2142 dicere
995 2080 1077 2158 licet,
1100 2083 1240 2158 alterum,
1256 2087 1342 2166 quod

224 2188 360 2248 eontinet
397 2186 531 2247 carmina
574 2186 661 2266 epioa
688 2192 721 2247 et
749 2186 951 2266 genealogica
979 2190 1012 2247 et
1043 2186 1207 2264 didactiea,
1241 2206 1345 2267 gemus

224 2291 421 2352 Hesiodeum.
463 2289 593 2366 Prioris,
629 2289 753 2371 generis
775 2289 945 2366 Homerici,
973 2291 1093 2352 fruetus
1118 2292 1343 2373 quodammodo

224 2396 308 2463 floris
333 2393 503 2474 longaeri¹
532 2393 632 2455 ultimi
661 2394 937 2477 perfectissimique
958 2399 1031 2455 sunt
1051 2395 1111 2456 duo
1133 2395 1188 2456 illa
1208 2397 1343 2458 carmina

225 2500 350 2582 inclyta,
378 2498 453 2560 Ilias
483 2500 516 2560 et
545 2497 698 2581 Odyssea.
742 2498 856 2560 Priscis
887 2499 1011 2580 quidem
1033 2500 1222 2580 temporibus
1243 2501 1345 2561 muita

226 2595 361 2668 carmina
385 2607 442 2666 sub
462 2605 589 2666 Homeri
610 2605 733 2666 nomine
756 2604 871 2685 insigni
892 2605 1146 2680 venditabantur,
1180 2624 1259 2686 quae
1280 2605 1347 2667 iam

225 2703 388 2771 Pisistrato
420 2712 543 2771 auctore
572 2711 610 2770 ab
633 2708 828 2771 Onomacrito
859 2709 986 2791 eiusque
1019 2709 1110 2770 sociis
1143 2728 1200 2771 uec
1222 2729 1286 2770 non
1307 2713 1347 2773 ab

226 2815 294 2876 aliis
323 2814 399 2875 viris
424 2811 539 2875 Atticis
565 2814 681 2889 doctis,
709 2817 819 2894 postea
838 2833 911 2878 vero
935 2815 973 2874 ab
994 2811 1214 2876 Alexandrinis
1239 2834 1347 2894 gram-

224 2918 344 2981 maticis
372 2938 389 2979 e
420 2918 574 2980 consortio
605 2938 674 2980 cum
693 2917 819 2980 Homeri
849 2918 1042 2994 carminibus,
1070 2938 1130 3000 quo
1160 2938 1221 2979 non
1244 2919 1348 3001 digna

226 3043 296 3085 esse
318 3024 516 3098 videbantur,
548 3025 621 3084 sunt
642 3026 734 3084 mota.
778 3021 922 3085 Alterum
944 3043 1043 3103 genus
1065 3022 1124 3084 suit
1145 3022 1350 3103 Hesiodeum,

225 3148 334 3210 nempe
376 3128 511 3189 carmina
553 3128 641 3209 epica
682 3132 844 3208 poetarum
884 3129 1085 3209 plurimorum
1127 3128 1182 3188 sub
1212 3125 1351 3193 Hesiodi

226 3233 347 3295 nomine
367 3233 553 3308 circumlata,
577 3251 656 3314 quae
672 3234 811 3294 confecta
834 3235 907 3294 sunt
929 3251 965 3293 eo
981 3229 1144 3312 tempore2,
1167 3251 1226 3314 quo
1243 3229 1349 3297 Grae-

226 3357 331 3400 corum
360 3337 437 3403 ratio
470 3337 627 3417 cogitandi
658 3337 818 3398 immutata
839 3356 900 3397 non
922 3338 986 3397 tam
1009 3336 1047 3396 ad
1067 3339 1190 3397 veteres
1211 3336 1287 3399 illas
1311 3341 1352 3402 dc

227 3442 355 3503 heroum
385 3442 477 3502 rebus
505 3440 604 3522 gestis
630 3440 751 3501 fabulas
772 3439 831 3500 fuir
854 3440 974 3502 adiecta
997 3441 1149 3520 quemad
1172 3441 1352 3507 doctrinam

227 3548 266 3609 de
290 3545 476 3608 numinibus
512 3535 594 3605 i'nter
631 3545 705 3605 deos
734 3544 932 3626 hominesque
958 3543 1219 3606 intercedentibus
1249 3551 1353 3631 atque

227 3653 267 3712 ad
295 3649 454 3712 seientiam
482 3650 608 3710 deorum
638 3649 852 3731 hominumque
879 3651 1008 3709 naturae
1030 3669 1087 3711 nec
1109 3668 1170 3710 non
1190 3650 1229 3710 ad
1251 3651 1352 3716 disci-

226 3756 327 3836 plinas
340 3755 497 3836 mysticas,
513 3756 549 3815 ut
564 3754 608 3815 ita
623 3754 730 3829 dicam,
745 3752 969 3814 aDoriensium
980 3753 1175 3834 pontificibus
1191 3756 1352 3821 excultas.

226 3859 311 3920 Inter
332 3861 498 3940 utrumque
519 3877 649 3939 poeseos
674 3859 779 3939 spicae
799 3877 899 3937 genus
922 3859 1055 3919 medium
1070 3858 1221 3939 quendam
1243 3863 1352 3926 teneri

226 3947 326 4024 locum
357 3965 394 4023 ab
424 3963 547 4043 hymnis
579 3962 740 4024 homericis
773 3960 980 4043 persuasum⁸
1002 3963 1116 4038 habeo,
1145 3963 1353 4044 quoniamst

227 4088 329 4129 rerum
366 4072 398 4128 et
426 4069 587 4130 verboram
617 4087 686 4129 cum
713 4070 844 4150 utroque
867 4087 981 4148 genere
1002 4070 1100 4147 agunt
1121 4073 1351 4136 commercium.

299 4255 326 4320 1)
345 4250 503 4322 Bernhardy
523 4251 631 4317 1.l.·1³,
650 4269 696 4322 pg.
710 4255 774 4317 2983
793 4252 842 4318 11³,
862 4255 877 4309 1
895 4269 941 4322 pg.
956 4252 989 4306 87
1008 4267 1066 4320 sqq.
1087 4251 1132 4305 all.
1153 4249 1189 4311 11„

298 4337 326 4407 2)
343 4337 501 4406 Bernhardy
519 4341 538 4393 l.
550 4339 568 4394 l.
586 4339 622 4405 1³,
640 4357 686 4410 pg.
698 4341 764 4405 335;
779 4338 829 4403 11³,
849 4339 863 4393 1
884 4356 930 4409 pg‚
944 4328 995 4395 265
1014 4354 1073 4409 sqq.
1094 4337 1140 4392 all.
1160 4337 1190 4391 ll.

298 4425 326 4494 3)
344 4424 504 4496 Bernhardy
521 4426 576 4483 l.1.
594 4427 644 4493 11³,
664 4427 679 4481 1
697 4444 744 4497 pg.
755 4427 808 4483 222
826 4442 884 4496 sqq.
