<?xml version="1.0" encoding="UTF-8"?>
<!DOCTYPE html PUBLIC "-//W3C//DTD XHTML 1.0 Transitional//EN"
    "http://www.w3.org/TR/xhtml1/DTD/xhtml1-transitional.dtd">
<html xmlns="http://www.w3.org/1999/xhtml" xml:lang="en" lang="en">
 <head>
  <title>
</title>
<meta http-equiv="Content-Type" content="text/html;charset=utf-8" />
  <meta name='ocr-system' content='tesseract 3.04.00' />
  <meta name='ocr-capabilities' content='ocr_page ocr_carea ocr_par ocr_line ocrx_word'/>
</head>
<body>
  <div class='ocr_page' id='page_1' title='image "./prolegomenaadhy00thiegoog/prolegomenaadhy00thiegoog_0016.png"; bbox 0 0 2828 4814; ppageno 0'>
   <div class='ocr_carea' id='block_1_1' title="bbox 614 379 899 477">
    <p class='ocr_par' dir='ltr' id='par_1_1' title="bbox 614 379 899 477">
     <span class='ocr_line' id='line_1_1' title="bbox 614 379 899 477; baseline 0 -51"><span class='ocrx_word' id='word_1_1' title='bbox 614 379 899 477; x_wconf 46' lang='grc' dir='ltr'>,.7·.ν</span> 
     </span>
    </p>
   </div>
   <div class='ocr_carea' id='block_1_2' title="bbox 149 561 1260 650">
    <p class='ocr_par' dir='ltr' id='par_1_2' title="bbox 149 561 1260 650">
     <span class='ocr_line' id='line_1_2' title="bbox 149 561 1260 650; baseline 0.002 -22"><span class='ocrx_word' id='word_1_2' title='bbox 149 569 238 645; x_wconf 94' lang='lat' dir='ltr'>laum,</span> <span class='ocrx_word' id='word_1_3' title='bbox 254 588 344 650; x_wconf 89' lang='lat' dir='ltr'>quem</span> <span class='ocrx_word' id='word_1_4' title='bbox 356 569 523 630; x_wconf 87' lang='lat' dir='ltr'>schohasta</span> <span class='ocrx_word' id='word_1_5' title='bbox 531 568 704 649; x_wconf 86' lang='lat' dir='ltr'>exscripsit,</span> <span class='ocrx_word' id='word_1_6' title='bbox 721 566 870 630; x_wconf 83' lang='lat' dir='ltr'>eStasini</span> <span class='ocrx_word' id='word_1_7' title='bbox 880 561 1046 650; x_wconf 76' lang='grc' dir='ltr'><strong><em>Κυπρίοις</em></strong></span> <span class='ocrx_word' id='word_1_8' title='bbox 1056 561 1170 631; x_wconf 76' lang='grc' dir='ltr'><strong><em>ἔπεσιν</em></strong></span> <span class='ocrx_word' id='word_1_9' title='bbox 1181 570 1260 630; x_wconf 88' lang='lat' dir='ltr'>hanc</span> 
     </span>
    </p>
   </div>
   <div class='ocr_carea' id='block_1_3' title="bbox 147 665 1264 2215">
    <p class='ocr_par' dir='ltr' id='par_1_3' title="bbox 147 665 1264 2215">
     <span class='ocr_line' id='line_1_3' title="bbox 149 665 1260 754; baseline 0 -20"><span class='ocrx_word' id='word_1_10' title='bbox 149 674 282 734; x_wconf 82' lang='lat' dir='ltr'>fabulam</span> <span class='ocrx_word' id='word_1_11' title='bbox 303 674 460 749; x_wconf 83' lang='lat' dir='ltr'>hausisse,</span> <span class='ocrx_word' id='word_1_12' title='bbox 483 673 666 752; x_wconf 89' lang='lat' dir='ltr'>praesertim</span> <span class='ocrx_word' id='word_1_13' title='bbox 688 673 835 754; x_wconf 62' lang='lat' dir='ltr'>quum‘in</span> <span class='ocrx_word' id='word_1_14' title='bbox 855 672 959 734; x_wconf 92' lang='lat' dir='ltr'>codice</span> <span class='ocrx_word' id='word_1_15' title='bbox 980 665 1190 734; x_wconf 72' lang='lat' dir='ltr'>Escurialenil</span> <span class='ocrx_word' id='word_1_16' title='bbox 1212 682 1260 734; x_wconf 55' lang='lat' dir='ltr'>ar*</span> 
     </span>
     <span class='ocr_line' id='line_1_4' title="bbox 148 769 1261 859; baseline -0.001 -20"><span class='ocrx_word' id='word_1_17' title='bbox 148 780 328 858; x_wconf 89' lang='lat' dir='ltr'>gumentum</span> <span class='ocrx_word' id='word_1_18' title='bbox 350 770 508 859; x_wconf 79' lang='grc' dir='ltr'><strong><em>Κυπρίων</em></strong></span> <span class='ocrx_word' id='word_1_19' title='bbox 531 769 636 839; x_wconf 74' lang='grc' dir='ltr'><strong><em>ἕπεωυ</em></strong></span> <span class='ocrx_word' id='word_1_20' title='bbox 659 779 778 855; x_wconf 84' lang='lat' dir='ltr'>exstet,</span> <span class='ocrx_word' id='word_1_21' title='bbox 801 797 842 839; x_wconf 87' lang='lat' dir='ltr'>ex</span> <span class='ocrx_word' id='word_1_22' title='bbox 862 796 921 859; x_wconf 92' lang='lat' dir='ltr'>quo</span> <span class='ocrx_word' id='word_1_23' title='bbox 942 777 1090 838; x_wconf 89' lang='lat' dir='ltr'>Helenus·</span> <span class='ocrx_word' id='word_1_24' title='bbox 1104 778 1261 839; x_wconf 91' lang='lat' dir='ltr'>oraculum</span> 
     </span>
     <span class='ocr_line' id='line_1_5' title="bbox 148 880 1260 962; baseline 0.001 -19"><span class='ocrx_word' id='word_1_25' title='bbox 148 902 242 962; x_wconf 88' lang='lat' dir='ltr'>supra</span> <span class='ocrx_word' id='word_1_26' title='bbox 266 901 284 942; x_wconf 92' lang='lat' dir='ltr'>a</span> <span class='ocrx_word' id='word_1_27' title='bbox 307 882 395 943; x_wconf 90' lang='lat' dir='ltr'>nobis</span> <span class='ocrx_word' id='word_1_28' title='bbox 411 884 677 946; x_wconf 87' lang='lat' dir='ltr'>commemoratum</span> <span class='ocrx_word' id='word_1_29' title='bbox 692 882 831 961; x_wconf 86' lang='lat' dir='ltr'>ediderit.</span> <span class='ocrx_word' id='word_1_30' title='bbox 860 880 943 944; x_wconf 90' lang='lat' dir='ltr'>Dicit</span> <span class='ocrx_word' id='word_1_31' title='bbox 958 901 1032 960; x_wconf 88' lang='lat' dir='ltr'>ergo</span> <span class='ocrx_word' id='word_1_32' title='bbox 1048 880 1260 944; x_wconf 81' lang='lat' dir='ltr'>Groddeekius</span> 
     </span>
     <span class='ocr_line' id='line_1_6' title="bbox 147 979 1262 1069; baseline 0 -21"><span class='ocrx_word' id='word_1_33' title='bbox 147 989 211 1067; x_wconf 89' lang='lat' dir='ltr'>(pg.</span> <span class='ocrx_word' id='word_1_34' title='bbox 222 989 286 1063; x_wconf 80' lang='lat'>42),</span> <span class='ocrx_word' id='word_1_35' title='bbox 302 988 400 1048; x_wconf 77' lang='lat' dir='ltr'>nostri</span> <span class='ocrx_word' id='word_1_36' title='bbox 415 987 521 1068; x_wconf 82' lang='lat' dir='ltr'><strong>hymni</strong></span> <span class='ocrx_word' id='word_1_37' title='bbox 535 987 672 1051; x_wconf 88' lang='lat' dir='ltr'>fabulam</span> <span class='ocrx_word' id='word_1_38' title='bbox 686 987 815 1067; x_wconf 89' lang='lat' dir='ltr'>petitam</span> <span class='ocrx_word' id='word_1_39' title='bbox 831 1006 901 1048; x_wconf 88' lang='lat' dir='ltr'>esse</span> <span class='ocrx_word' id='word_1_40' title='bbox 916 983 1084 1048; x_wconf 70' lang='lat' dir='ltr'>exstasim</span> <span class='ocrx_word' id='word_1_41' title='bbox 1098 979 1262 1069; x_wconf 77' lang='grc' dir='ltr'><strong><em>Κυπρίοις</em></strong></span> 
     </span>
     <span class='ocr_line' id='line_1_7' title="bbox 148 1084 1261 1173; baseline -0.001 -21"><span class='ocrx_word' id='word_1_42' title='bbox 148 1084 244 1153; x_wconf 75' lang='grc' dir='ltr'><strong><em>ἔπεσι</em></strong></span> <span class='ocrx_word' id='word_1_43' title='bbox 274 1087 325 1152; x_wconf 82' lang='lat' dir='ltr'>vel</span> <span class='ocrx_word' id='word_1_44' title='bbox 347 1092 444 1152; x_wconf 85' lang='lat' dir='ltr'>totum</span> <span class='ocrx_word' id='word_1_45' title='bbox 465 1092 612 1173; x_wconf 87' lang='lat' dir='ltr'>hymnum</span> <span class='ocrx_word' id='word_1_46' title='bbox 631 1091 728 1152; x_wconf 89' lang='lat' dir='ltr'>fuisse</span> <span class='ocrx_word' id='word_1_47' title='bbox 750 1091 841 1152; x_wconf 89' lang='lat' dir='ltr'>istius</span> <span class='ocrx_word' id='word_1_48' title='bbox 861 1088 979 1155; x_wconf 81' lang='lat' dir='ltr'>Stasini</span> <span class='ocrx_word' id='word_1_49' title='bbox 1001 1091 1143 1152; x_wconf 83' lang='lat' dir='ltr'>carminis</span> <span class='ocrx_word' id='word_1_50' title='bbox 1167 1092 1261 1171; x_wconf 87' lang='lat' dir='ltr'>parti-</span> 
     </span>
     <span class='ocr_line' id='line_1_8' title="bbox 148 1193 1260 1257; baseline -0.001 -2"><span class='ocrx_word' id='word_1_51' title='bbox 148 1196 248 1256; x_wconf 80' lang='lat' dir='ltr'>culam</span> <span class='ocrx_word' id='word_1_52' title='bbox 256 1196 356 1257; x_wconf 90' lang='lat' dir='ltr'>—cui</span> <span class='ocrx_word' id='word_1_53' title='bbox 367 1214 514 1257; x_wconf 87' lang='lat' dir='ltr'>assensus</span> <span class='ocrx_word' id='word_1_54' title='bbox 526 1195 757 1256; x_wconf 85' lang='lat' dir='ltr'>Eichstaedtius</span> <span class='ocrx_word' id='word_1_55' title='bbox 769 1195 801 1256; x_wconf 93' lang='lat' dir='ltr'>in</span> <span class='ocrx_word' id='word_1_56' title='bbox 808 1193 1096 1256; x_wconf 85' lang='lat' dir='ltr'>Handwiirterbuoh</span> <span class='ocrx_word' id='word_1_57' title='bbox 1108 1194 1163 1255; x_wconf 94' lang='lat' dir='ltr'>der</span> <span class='ocrx_word' id='word_1_58' title='bbox 1175 1195 1260 1256; x_wconf 66' lang='lat' dir='ltr'>soho&#39;ss</span> 
     </span>
     <span class='ocr_line' id='line_1_9' title="bbox 148 1288 1262 1380; baseline -0.003 -19"><span class='ocrx_word' id='word_1_59' title='bbox 148 1320 208 1361; x_wconf 87' lang='lat' dir='ltr'>nen</span> <span class='ocrx_word' id='word_1_60' title='bbox 219 1288 340 1362; x_wconf 88' lang='lat' dir='ltr'>Kiinste</span> <span class='ocrx_word' id='word_1_61' title='bbox 364 1303 402 1380; x_wconf 89' lang='lat' dir='ltr'>(a.</span> <span class='ocrx_word' id='word_1_62' title='bbox 412 1300 518 1378; x_wconf 85' lang='grc'>1794),</span> <span class='ocrx_word' id='word_1_63' title='bbox 538 1303 566 1360; x_wconf 80' lang='lat'>2.</span> <span class='ocrx_word' id='word_1_64' title='bbox 581 1318 633 1378; x_wconf 91' lang='lat' dir='ltr'>pg.</span> <span class='ocrx_word' id='word_1_65' title='bbox 658 1301 737 1372; x_wconf 80' lang='lat'>6023</span> <span class='ocrx_word' id='word_1_66' title='bbox 760 1299 797 1359; x_wconf 86' lang='lat' dir='ltr'>of.</span> <span class='ocrx_word' id='word_1_67' title='bbox 812 1297 969 1373; x_wconf 88' lang='lat' dir='ltr'>Welcker,</span> <span class='ocrx_word' id='word_1_68' title='bbox 984 1297 1109 1379; x_wconf 88' lang='lat' dir='ltr'>Episch.</span> <span class='ocrx_word' id='word_1_69' title='bbox 1121 1299 1205 1379; x_wconf 82' lang='lat' dir='ltr'>Cyol.</span> <span class='ocrx_word' id='word_1_70' title='bbox 1221 1297 1262 1358; x_wconf 91' lang='grc' dir='ltr'>Π.</span> 
     </span>
     <span class='ocr_line' id='line_1_10' title="bbox 150 1394 1261 1485; baseline -0.001 -21"><span class='ocrx_word' id='word_1_71' title='bbox 150 1424 202 1485; x_wconf 92' lang='lat' dir='ltr'>pg.</span> <span class='ocrx_word' id='word_1_72' title='bbox 220 1409 281 1467; x_wconf 84' lang='grc'>128</span> <span class='ocrx_word' id='word_1_73' title='bbox 305 1411 367 1465; x_wconf 92' lang='lat' dir='ltr'>not.</span> <span class='ocrx_word' id='word_1_74' title='bbox 384 1406 425 1466; x_wconf 83' lang='lat'>53</span> <span class='ocrx_word' id='word_1_75' title='bbox 453 1438 488 1447; x_wconf 95' lang='lat'>—</span> <span class='ocrx_word' id='word_1_76' title='bbox 513 1405 553 1464; x_wconf 89' lang='lat' dir='ltr'>ob</span> <span class='ocrx_word' id='word_1_77' title='bbox 584 1420 712 1484; x_wconf 90' lang='lat' dir='ltr'>eamque</span> <span class='ocrx_word' id='word_1_78' title='bbox 735 1420 875 1478; x_wconf 87' lang='lat' dir='ltr'>causam,</span> <span class='ocrx_word' id='word_1_79' title='bbox 905 1422 998 1483; x_wconf 87' lang='lat' dir='ltr'>quum</span> <span class='ocrx_word' id='word_1_80' title='bbox 1017 1402 1072 1463; x_wconf 90' lang='lat' dir='ltr'>illa</span> <span class='ocrx_word' id='word_1_81' title='bbox 1095 1394 1177 1464; x_wconf 76' lang='grc' dir='ltr'><strong><em>ἔπεα</em></strong></span> <span class='ocrx_word' id='word_1_82' title='bbox 1200 1403 1261 1464; x_wconf 85' lang='lat' dir='ltr'>vir-</span> 
     </span>
     <span class='ocr_line' id='line_1_11' title="bbox 147 1505 1263 1588; baseline -0.003 -18"><span class='ocrx_word' id='word_1_83' title='bbox 147 1512 231 1570; x_wconf 91' lang='lat' dir='ltr'>tutes</span> <span class='ocrx_word' id='word_1_84' title='bbox 260 1507 482 1570; x_wconf 90' lang='lat' dir='ltr'>homericorum</span> <span class='ocrx_word' id='word_1_85' title='bbox 504 1507 671 1568; x_wconf 81' lang='lat' dir='ltr'>carminum</span> <span class='ocrx_word' id='word_1_86' title='bbox 692 1526 790 1588; x_wconf 89' lang='lat' dir='ltr'>paene</span> <span class='ocrx_word' id='word_1_87' title='bbox 813 1505 1004 1588; x_wconf 84' lang='lat' dir='ltr'>adaequasse</span> <span class='ocrx_word' id='word_1_88' title='bbox 1027 1507 1176 1582; x_wconf 87' lang='lat' dir='ltr'>dicantur,</span> <span class='ocrx_word' id='word_1_89' title='bbox 1197 1507 1263 1567; x_wconf 92' lang='lat' dir='ltr'>iure</span> 
     </span>
     <span class='ocr_line' id='line_1_12' title="bbox 148 1601 1264 1696; baseline -0.002 -22"><span class='ocrx_word' id='word_1_90' title='bbox 148 1614 261 1692; x_wconf 89' lang='lat' dir='ltr'>optimo</span> <span class='ocrx_word' id='word_1_91' title='bbox 299 1613 446 1692; x_wconf 90' lang='lat' dir='ltr'>hymnum</span> <span class='ocrx_word' id='word_1_92' title='bbox 477 1616 618 1674; x_wconf 86' lang='lat' dir='ltr'>nostrum</span> <span class='ocrx_word' id='word_1_93' title='bbox 656 1601 910 1696; x_wconf 76' lang='grc' dir='ltr'><strong><em>ὁμηρικυίυυυυυ</em></strong></span> <span class='ocrx_word' id='word_1_94' title='bbox 931 1629 1001 1670; x_wconf 88' lang='lat' dir='ltr'>esse</span> <span class='ocrx_word' id='word_1_95' title='bbox 1032 1610 1154 1672; x_wconf 88' lang='lat' dir='ltr'>dictum.</span> <span class='ocrx_word' id='word_1_96' title='bbox 1206 1611 1264 1674; x_wconf 80' lang='lat' dir='ltr'>Oui</span> 
     </span>
     <span class='ocr_line' id='line_1_13' title="bbox 149 1711 1263 1798; baseline 0 -22"><span class='ocrx_word' id='word_1_97' title='bbox 149 1717 342 1778; x_wconf 89' lang='lat' dir='ltr'>coniecturae</span> <span class='ocrx_word' id='word_1_98' title='bbox 364 1717 422 1778; x_wconf 89' lang='lat' dir='ltr'>hoc</span> <span class='ocrx_word' id='word_1_99' title='bbox 443 1711 570 1798; x_wconf 84' lang='lat' dir='ltr'>insuper</span> <span class='ocrx_word' id='word_1_100' title='bbox 592 1717 747 1792; x_wconf 77' lang='lat' dir='ltr'>accedere,</span> <span class='ocrx_word' id='word_1_101' title='bbox 771 1716 852 1798; x_wconf 91' lang='lat' dir='ltr'>quod</span> <span class='ocrx_word' id='word_1_102' title='bbox 872 1716 904 1776; x_wconf 94' lang='lat' dir='ltr'>in</span> <span class='ocrx_word' id='word_1_103' title='bbox 918 1716 1031 1796; x_wconf 85' lang='lat' dir='ltr'>hymno</span> <span class='ocrx_word' id='word_1_104' title='bbox 1046 1715 1164 1776; x_wconf 88' lang='lat' dir='ltr'>inserta</span> <span class='ocrx_word' id='word_1_105' title='bbox 1180 1721 1263 1776; x_wconf 88' lang='lat' dir='ltr'>osset</span> 
     </span>
     <span class='ocr_line' id='line_1_14' title="bbox 150 1820 1263 1903; baseline 0 -23"><span class='ocrx_word' id='word_1_106' title='bbox 150 1820 188 1880; x_wconf 91' lang='lat' dir='ltr'>de</span> <span class='ocrx_word' id='word_1_107' title='bbox 210 1820 338 1882; x_wconf 78' lang='lat' dir='ltr'>Tithono</span> <span class='ocrx_word' id='word_1_108' title='bbox 367 1823 405 1884; x_wconf 91' lang='lat' dir='ltr'>ab</span> <span class='ocrx_word' id='word_1_109' title='bbox 428 1820 550 1883; x_wconf 83' lang='lat' dir='ltr'>Aurora</span> <span class='ocrx_word' id='word_1_110' title='bbox 578 1824 667 1902; x_wconf 88' lang='lat' dir='ltr'>rapto</span> <span class='ocrx_word' id='word_1_111' title='bbox 690 1822 803 1897; x_wconf 86' lang='lat' dir='ltr'>fabula,</span> <span class='ocrx_word' id='word_1_112' title='bbox 826 1840 904 1903; x_wconf 90' lang='lat' dir='ltr'>quae</span> <span class='ocrx_word' id='word_1_113' title='bbox 928 1821 967 1880; x_wconf 90' lang='lat' dir='ltr'>ad</span> <span class='ocrx_word' id='word_1_114' title='bbox 987 1820 1107 1881; x_wconf 81' lang='lat' dir='ltr'>fabulas</span> <span class='ocrx_word' id='word_1_115' title='bbox 1131 1820 1263 1900; x_wconf 82' lang='lat' dir='ltr'>Cyprias</span> 
     </span>
     <span class='ocr_line' id='line_1_15' title="bbox 150 1923 1264 2006; baseline -0.001 -20"><span class='ocrx_word' id='word_1_116' title='bbox 150 1928 234 1986; x_wconf 89' lang='lat' dir='ltr'>esset</span> <span class='ocrx_word' id='word_1_117' title='bbox 269 1927 438 1988; x_wconf 87' lang='lat' dir='ltr'>referenda.</span> <span class='ocrx_word' id='word_1_118' title='bbox 488 1926 577 1997; x_wconf 78' lang='lat' dir='ltr'>Quae</span> <span class='ocrx_word' id='word_1_119' title='bbox 600 1923 786 1988; x_wconf 80' lang='lat' dir='ltr'>Groddeohii</span> <span class='ocrx_word' id='word_1_120' title='bbox 809 1926 998 1999; x_wconf 87' lang='lat' dir='ltr'>coniectura,</span> <span class='ocrx_word' id='word_1_121' title='bbox 1026 1943 1212 2006; x_wconf 90' lang='lat' dir='ltr'>quamquam·</span> <span class='ocrx_word' id='word_1_122' title='bbox 1235 1925 1264 1985; x_wconf 91' lang='lat' dir='ltr'>ei</span> 
     </span>
     <span class='ocr_line' id='line_1_16' title="bbox 148 2021 1263 2109; baseline -0.002 -19"><span class='ocrx_word' id='word_1_123' title='bbox 148 2029 198 2090; x_wconf 82' lang='lat' dir='ltr'>Fr.</span> <span class='ocrx_word' id='word_1_124' title='bbox 222 2030 381 2092; x_wconf 86' lang='lat' dir='ltr'>Iacobsius</span> <span class='ocrx_word' id='word_1_125' title='bbox 401 2031 432 2090; x_wconf 90' lang='lat' dir='ltr'>in</span> <span class='ocrx_word' id='word_1_126' title='bbox 458 2029 599 2109; x_wconf 86' lang='lat' dir='ltr'>prolegg.</span> <span class='ocrx_word' id='word_1_127' title='bbox 629 2029 668 2089; x_wconf 89' lang='lat' dir='ltr'>ad</span> <span class='ocrx_word' id='word_1_128' title='bbox 696 2021 799 2089; x_wconf 81' lang='lat' dir='ltr'>Tnetz.</span> <span class='ocrx_word' id='word_1_129' title='bbox 827 2027 1051 2090; x_wconf 87' lang='lat' dir='ltr'>Antehomerio.</span> <span class='ocrx_word' id='word_1_130' title='bbox 1082 2048 1133 2108; x_wconf 91' lang='lat' dir='ltr'>pg.</span> <span class='ocrx_word' id='word_1_131' title='bbox 1149 2027 1263 2089; x_wconf 83' lang='lat' dir='ltr'>XXIV</span> 
     </span>
     <span class='ocr_line' id='line_1_17' title="bbox 150 2130 1264 2215; baseline 0.001 -23"><span class='ocrx_word' id='word_1_132' title='bbox 150 2136 213 2196; x_wconf 88' lang='lat' dir='ltr'>not.</span> <span class='ocrx_word' id='word_1_133' title='bbox 234 2132 415 2208; x_wconf 80' lang='lat' dir='ltr'>adsentitur,</span> <span class='ocrx_word' id='word_1_134' title='bbox 438 2136 551 2208; x_wconf 86' lang='lat' dir='ltr'>tamen,</span> <span class='ocrx_word' id='word_1_135' title='bbox 574 2150 666 2215; x_wconf 91' lang='lat' dir='ltr'>quam</span> <span class='ocrx_word' id='word_1_136' title='bbox 686 2132 785 2193; x_wconf 87' lang='lat' dir='ltr'>inanis</span> <span class='ocrx_word' id='word_1_137' title='bbox 808 2132 857 2208; x_wconf 86' lang='lat' dir='ltr'>sit,</span> <span class='ocrx_word' id='word_1_138' title='bbox 881 2134 1093 2212; x_wconf 88' lang='lat' dir='ltr'>exposuerunt</span> <span class='ocrx_word' id='word_1_139' title='bbox 1115 2130 1264 2194; x_wconf 88' lang='lat' dir='ltr'>Henrich·</span> 
     </span>
    </p>
   </div>
   <div class='ocr_carea' id='block_1_4' title="bbox 152 2225 1378 2317">
    <p class='ocr_par' dir='ltr' id='par_1_4' title="bbox 152 2225 1378 2317">
     <span class='ocr_line' id='line_1_18' title="bbox 152 2225 1378 2317; baseline 0 -19"><span class='ocrx_word' id='word_1_140' title='bbox 152 2236 256 2298; x_wconf 88' lang='lat' dir='ltr'>senius</span> <span class='ocrx_word' id='word_1_141' title='bbox 279 2236 336 2315; x_wconf 89' lang='lat' dir='ltr'>(De</span> <span class='ocrx_word' id='word_1_142' title='bbox 365 2236 488 2298; x_wconf 85' lang='lat' dir='ltr'>carmin.</span> <span class='ocrx_word' id='word_1_143' title='bbox 510 2237 633 2317; x_wconf 79' lang='lat' dir='ltr'>Cypriis</span> <span class='ocrx_word' id='word_1_144' title='bbox 660 2235 950 2298; x_wconf 82' lang='lat' dir='ltr'>Havniaea.1828</span> <span class='ocrx_word' id='word_1_145' title='bbox 980 2225 1032 2316; x_wconf 81' lang='lat' dir='ltr'>pg.</span> <span class='ocrx_word' id='word_1_146' title='bbox 1055 2236 1211 2314; x_wconf 73' lang='lat'>80-81)</span> <span class='ocrx_word' id='word_1_147' title='bbox 1233 2240 1265 2298; x_wconf 95' lang='lat' dir='ltr'>et</span> <span class='ocrx_word' id='word_1_148' title='bbox 1369 2308 1378 2310; x_wconf 48' lang='lat'>-</span> 
     </span>
    </p>
   </div>
   <div class='ocr_carea' id='block_1_5' title="bbox 112 2339 1357 4512">
    <p class='ocr_par' dir='ltr' id='par_1_5' title="bbox 112 2339 1357 4512">
     <span class='ocr_line' id='line_1_19' title="bbox 152 2339 1265 2422; baseline 0.001 -22"><span class='ocrx_word' id='word_1_149' title='bbox 152 2341 264 2420; x_wconf 92' lang='lat' dir='ltr'>optime</span> <span class='ocrx_word' id='word_1_150' title='bbox 287 2339 517 2402; x_wconf 89' lang='lat' dir='ltr'>Baumeisterus</span> <span class='ocrx_word' id='word_1_151' title='bbox 541 2342 588 2421; x_wconf 81' lang='lat' dir='ltr'>(in</span> <span class='ocrx_word' id='word_1_152' title='bbox 607 2341 828 2403; x_wconf 87' lang='lat' dir='ltr'>commentario·</span> <span class='ocrx_word' id='word_1_153' title='bbox 843 2342 883 2403; x_wconf 87' lang='lat' dir='ltr'>ad</span> <span class='ocrx_word' id='word_1_154' title='bbox 904 2342 1007 2422; x_wconf 92' lang='lat' dir='ltr'>hymn.</span> <span class='ocrx_word' id='word_1_155' title='bbox 1031 2362 1059 2402; x_wconf 94' lang='lat' dir='ltr'>n.</span> <span class='ocrx_word' id='word_1_156' title='bbox 1081 2341 1218 2422; x_wconf 80' lang='lat' dir='ltr'>pg.251)</span> <span class='ocrx_word' id='word_1_157' title='bbox 1233 2342 1265 2402; x_wconf 93' lang='lat' dir='ltr'>in</span> 
     </span>
     <span class='ocr_line' id='line_1_20' title="bbox 150 2426 1266 2528; baseline 0.002 -23"><span class='ocrx_word' id='word_1_158' title='bbox 150 2445 284 2505; x_wconf 89' lang='lat' dir='ltr'>medium</span> <span class='ocrx_word' id='word_1_159' title='bbox 317 2463 432 2507; x_wconf 84' lang='lat' dir='ltr'>vocans</span> <span class='ocrx_word' id='word_1_160' title='bbox 464 2464 514 2522; x_wconf 90' lang='lat' dir='ltr'>ea,</span> <span class='ocrx_word' id='word_1_161' title='bbox 553 2464 632 2528; x_wconf 89' lang='lat' dir='ltr'>quae</span> <span class='ocrx_word' id='word_1_162' title='bbox 661 2447 700 2507; x_wconf 92' lang='lat' dir='ltr'>de</span> <span class='ocrx_word' id='word_1_163' title='bbox 730 2448 912 2525; x_wconf 89' lang='lat' dir='ltr'>argumento</span> <span class='ocrx_word' id='word_1_164' title='bbox 942 2443 1058 2507; x_wconf 81' lang='lat' dir='ltr'>Stasini</span> <span class='ocrx_word' id='word_1_165' title='bbox 1082 2426 1266 2526; x_wconf 77' lang='lat' dir='ltr'>Cypriorum</span> 
     </span>
     <span class='ocr_line' id='line_1_21' title="bbox 150 2547 1265 2632; baseline 0.001 -21"><span class='ocrx_word' id='word_1_166' title='bbox 150 2549 337 2611; x_wconf 91' lang='lat' dir='ltr'>Welokerus</span> <span class='ocrx_word' id='word_1_167' title='bbox 360 2551 531 2631; x_wconf 83' lang='lat' dir='ltr'>disputavit</span> <span class='ocrx_word' id='word_1_168' title='bbox 546 2551 578 2612; x_wconf 92' lang='lat' dir='ltr'>in</span> <span class='ocrx_word' id='word_1_169' title='bbox 594 2551 669 2632; x_wconf 91' lang='lat' dir='ltr'>cycl.</span> <span class='ocrx_word' id='word_1_170' title='bbox 682 2551 758 2632; x_wconf 90' lang='lat' dir='ltr'>epio.</span> <span class='ocrx_word' id='word_1_171' title='bbox 773 2550 929 2612; x_wconf 83' lang='lat' dir='ltr'>volumine</span> <span class='ocrx_word' id='word_1_172' title='bbox 944 2550 1049 2611; x_wconf 88' lang='lat' dir='ltr'>altero.</span> <span class='ocrx_word' id='word_1_173' title='bbox 1078 2547 1265 2612; x_wconf 84' lang='lat' dir='ltr'>Groddeekii</span> 
     </span>
     <span class='ocr_line' id='line_1_22' title="bbox 153 2654 1265 2736; baseline 0.004 -24"><span class='ocrx_word' id='word_1_174' title='bbox 153 2655 335 2714; x_wconf 86' lang='lat' dir='ltr'>sententiam</span> <span class='ocrx_word' id='word_1_175' title='bbox 357 2655 460 2735; x_wconf 91' lang='lat' dir='ltr'>paullo</span> <span class='ocrx_word' id='word_1_176' title='bbox 484 2661 555 2736; x_wconf 90' lang='lat' dir='ltr'>post</span> <span class='ocrx_word' id='word_1_177' title='bbox 567 2655 762 2736; x_wconf 85' lang='lat' dir='ltr'>impugnavit</span> <span class='ocrx_word' id='word_1_178' title='bbox 775 2655 915 2735; x_wconf 88' lang='lat' dir='ltr'>Ilgenius</span> <span class='ocrx_word' id='word_1_179' title='bbox 930 2655 962 2715; x_wconf 94' lang='lat' dir='ltr'>in</span> <span class='ocrx_word' id='word_1_180' title='bbox 977 2655 1106 2735; x_wconf 86' lang='lat' dir='ltr'>praefat.</span> <span class='ocrx_word' id='word_1_181' title='bbox 1121 2654 1265 2716; x_wconf 88' lang='lat' dir='ltr'>editionis</span> 
     </span>
     <span class='ocr_line' id='line_1_23' title="bbox 153 2758 1266 2842; baseline 0.003 -26"><span class='ocrx_word' id='word_1_182' title='bbox 153 2776 228 2817; x_wconf 89' lang='lat' dir='ltr'>suae</span> <span class='ocrx_word' id='word_1_183' title='bbox 271 2759 453 2840; x_wconf 81' lang='lat' dir='ltr'>hymnorum</span> <span class='ocrx_word' id='word_1_184' title='bbox 491 2761 727 2837; x_wconf 87' lang='lat' dir='ltr'>homericorum,</span> <span class='ocrx_word' id='word_1_185' title='bbox 774 2780 867 2842; x_wconf 91' lang='lat' dir='ltr'>quum</span> <span class='ocrx_word' id='word_1_186' title='bbox 904 2758 1009 2834; x_wconf 86' lang='lat' dir='ltr'>affert,</span> <span class='ocrx_word' id='word_1_187' title='bbox 1050 2762 1266 2838; x_wconf 86' lang='lat' dir='ltr'>argumentum</span> 
     </span>
     <span class='ocr_line' id='line_1_24' title="bbox 151 2861 1265 2945; baseline 0.002 -24"><span class='ocrx_word' id='word_1_188' title='bbox 151 2861 258 2943; x_wconf 85' lang='lat' dir='ltr'>hymni</span> <span class='ocrx_word' id='word_1_189' title='bbox 283 2866 467 2944; x_wconf 87' lang='lat' dir='ltr'>compertius</span> <span class='ocrx_word' id='word_1_190' title='bbox 497 2883 532 2927; x_wconf 89' lang='lat' dir='ltr'>ac</span> <span class='ocrx_word' id='word_1_191' title='bbox 563 2865 733 2945; x_wconf 87' lang='lat' dir='ltr'>spectatius</span> <span class='ocrx_word' id='word_1_192' title='bbox 761 2864 858 2925; x_wconf 89' lang='lat' dir='ltr'>fuisse</span> <span class='ocrx_word' id='word_1_193' title='bbox 885 2883 976 2945; x_wconf 88' lang='lat' dir='ltr'>quam</span> <span class='ocrx_word' id='word_1_194' title='bbox 1001 2868 1036 2924; x_wconf 93' lang='lat' dir='ltr'>ut</span> <span class='ocrx_word' id='word_1_195' title='bbox 1055 2863 1265 2924; x_wconf 87' lang='lat' dir='ltr'>desideremus</span> 
     </span>
     <span class='ocr_line' id='line_1_25' title="bbox 112 2966 1264 3053; baseline 0.002 -27"><span class='ocrx_word' id='word_1_196' title='bbox 112 3050 113 3053; x_wconf 8' lang='grc' dir='ltr'><strong>Ἴ</strong></span> <span class='ocrx_word' id='word_1_197' title='bbox 152 2966 268 3028; x_wconf 84' lang='lat' dir='ltr'>fontem</span> <span class='ocrx_word' id='word_1_198' title='bbox 304 2970 455 3049; x_wconf 88' lang='lat' dir='ltr'>quendam</span> <span class='ocrx_word' id='word_1_199' title='bbox 481 2973 612 3045; x_wconf 88' lang='lat' dir='ltr'>certum,</span> <span class='ocrx_word' id='word_1_200' title='bbox 642 2970 724 3030; x_wconf 90' lang='lat' dir='ltr'>unde</span> <span class='ocrx_word' id='word_1_201' title='bbox 744 2969 997 3051; x_wconf 86' lang='lat' dir='ltr'>hymnographus</span> <span class='ocrx_word' id='word_1_202' title='bbox 1019 2967 1179 3029; x_wconf 88' lang='lat' dir='ltr'>materiam</span> <span class='ocrx_word' id='word_1_203' title='bbox 1199 2985 1264 3028; x_wconf 88' lang='lat' dir='ltr'>car-</span> 
     </span>
     <span class='ocr_line' id='line_1_26' title="bbox 153 3058 1265 3135; baseline 0.004 -7"><span class='ocrx_word' id='word_1_204' title='bbox 153 3069 244 3130; x_wconf 92' lang='lat' dir='ltr'>minis</span> <span class='ocrx_word' id='word_1_205' title='bbox 279 3071 424 3133; x_wconf 86' lang='lat' dir='ltr'>hauserit.</span> <span class='ocrx_word' id='word_1_206' title='bbox 475 3071 574 3135; x_wconf 91' lang='lat' dir='ltr'>Usum</span> <span class='ocrx_word' id='word_1_207' title='bbox 602 3076 705 3133; x_wconf 91' lang='lat' dir='ltr'>autem</span> <span class='ocrx_word' id='word_1_208' title='bbox 736 3092 805 3134; x_wconf 90' lang='lat' dir='ltr'>esse</span> <span class='ocrx_word' id='word_1_209' title='bbox 834 3073 921 3134; x_wconf 94' lang='lat' dir='ltr'>illum</span> <span class='ocrx_word' id='word_1_210' title='bbox 951 3073 1148 3132; x_wconf 82' lang='lat' dir='ltr'>fundamento</span> <span class='ocrx_word' id='word_1_211' title='bbox 1177 3058 1265 3132; x_wconf 91' lang='lat' dir='ltr'>Hom.</span> 
     </span>
     <span class='ocr_line' id='line_1_27' title="bbox 153 3166 1357 3259; baseline 0.002 -25"><span class='ocrx_word' id='word_1_212' title='bbox 153 3173 240 3235; x_wconf 80' lang='lat' dir='ltr'>iliad.</span> <span class='ocrx_word' id='word_1_213' title='bbox 261 3175 401 3256; x_wconf 83' lang='lat' dir='ltr'>rhapsv,</span> <span class='ocrx_word' id='word_1_214' title='bbox 423 3196 522 3237; x_wconf 83' lang='lat' dir='ltr'>rorss.</span> <span class='ocrx_word' id='word_1_215' title='bbox 548 3181 610 3240; x_wconf 87' lang='grc'>307</span> <span class='ocrx_word' id='word_1_216' title='bbox 627 3180 659 3238; x_wconf 92' lang='lat' dir='ltr'>et</span> <span class='ocrx_word' id='word_1_217' title='bbox 675 3181 746 3253; x_wconf 86' lang='grc'><strong>308,</strong></span> <span class='ocrx_word' id='word_1_218' title='bbox 763 3166 945 3259; x_wconf 83' lang='lat' dir='ltr'>quibuscum</span> <span class='ocrx_word' id='word_1_219' title='bbox 959 3177 1129 3257; x_wconf 90' lang='lat' dir='ltr'>comparari</span> <span class='ocrx_word' id='word_1_220' title='bbox 1144 3176 1266 3257; x_wconf 91' lang='lat' dir='ltr'>possint</span> <span class='ocrx_word' id='word_1_221' title='bbox 1353 3186 1357 3191; x_wconf 79' lang='grc'><strong>”</strong></span> 
     </span>
     <span class='ocr_line' id='line_1_28' title="bbox 153 3280 1265 3364; baseline 0.002 -26"><span class='ocrx_word' id='word_1_222' title='bbox 153 3280 256 3359; x_wconf 90' lang='lat' dir='ltr'>hymn.</span> <span class='ocrx_word' id='word_1_223' title='bbox 291 3286 385 3342; x_wconf 89' lang='lat' dir='ltr'>nostr.</span> <span class='ocrx_word' id='word_1_224' title='bbox 407 3301 458 3342; x_wconf 86' lang='lat' dir='ltr'>vv.</span> <span class='ocrx_word' id='word_1_225' title='bbox 490 3286 551 3343; x_wconf 88' lang='grc'>196</span> <span class='ocrx_word' id='word_1_226' title='bbox 580 3283 612 3344; x_wconf 87' lang='lat' dir='ltr'>ct</span> <span class='ocrx_word' id='word_1_227' title='bbox 640 3286 716 3357; x_wconf 85' lang='grc'>197,</span> <span class='ocrx_word' id='word_1_228' title='bbox 753 3282 866 3364; x_wconf 89' lang='lat' dir='ltr'>quippe</span> <span class='ocrx_word' id='word_1_229' title='bbox 891 3301 984 3362; x_wconf 93' lang='lat' dir='ltr'>quum</span> <span class='ocrx_word' id='word_1_230' title='bbox 1013 3281 1265 3361; x_wconf 86' lang='lat' dir='ltr'>hymnographus</span> 
     </span>
     <span class='ocr_line' id='line_1_29' title="bbox 154 3383 1304 3467; baseline 0.001 -24"><span class='ocrx_word' id='word_1_231' title='bbox 154 3383 268 3466; x_wconf 90' lang='lat' dir='ltr'>aliquid</span> <span class='ocrx_word' id='word_1_232' title='bbox 288 3389 371 3446; x_wconf 87' lang='lat' dir='ltr'>certe</span> <span class='ocrx_word' id='word_1_233' title='bbox 392 3389 584 3467; x_wconf 90' lang='lat' dir='ltr'>compertum·</span> <span class='ocrx_word' id='word_1_234' title='bbox 604 3386 746 3449; x_wconf 88' lang='lat' dir='ltr'>habuerit</span> <span class='ocrx_word' id='word_1_235' title='bbox 760 3387 798 3447; x_wconf 90' lang='lat' dir='ltr'>de</span> <span class='ocrx_word' id='word_1_236' title='bbox 814 3405 910 3465; x_wconf 87' lang='lat' dir='ltr'>regno</span> <span class='ocrx_word' id='word_1_237' title='bbox 927 3383 1104 3447; x_wconf 81' lang='lat' dir='ltr'>Troicarum</span> <span class='ocrx_word' id='word_1_238' title='bbox 1122 3384 1265 3466; x_wconf 84' lang='lat' dir='ltr'>reliquia·</span> <span class='ocrx_word' id='word_1_239' title='bbox 1301 3430 1304 3436; x_wconf 82' lang='lat'>.</span> 
     </span>
     <span class='ocr_line' id='line_1_30' title="bbox 154 3489 1266 3572; baseline 0.001 -24"><span class='ocrx_word' id='word_1_240' title='bbox 154 3508 224 3549; x_wconf 93' lang='lat' dir='ltr'>rum</span> <span class='ocrx_word' id='word_1_241' title='bbox 243 3490 298 3550; x_wconf 90' lang='lat' dir='ltr'>sub</span> <span class='ocrx_word' id='word_1_242' title='bbox 322 3489 446 3553; x_wconf 88' lang='lat' dir='ltr'>Aeneae</span> <span class='ocrx_word' id='word_1_243' title='bbox 474 3493 608 3572; x_wconf 89' lang='lat' dir='ltr'>posteris</span> <span class='ocrx_word' id='word_1_244' title='bbox 630 3493 766 3553; x_wconf 88' lang='lat' dir='ltr'>florente.</span> <span class='ocrx_word' id='word_1_245' title='bbox 796 3489 844 3552; x_wconf 88' lang='lat' dir='ltr'>De</span> <span class='ocrx_word' id='word_1_246' title='bbox 866 3510 925 3572; x_wconf 91' lang='lat' dir='ltr'>quo</span> <span class='ocrx_word' id='word_1_247' title='bbox 947 3508 1045 3569; x_wconf 87' lang='lat' dir='ltr'>regno</span> <span class='ocrx_word' id='word_1_248' title='bbox 1068 3489 1185 3570; x_wconf 89' lang='lat' dir='ltr'>antiqui</span> <span class='ocrx_word' id='word_1_249' title='bbox 1204 3490 1266 3550; x_wconf 91' lang='lat' dir='ltr'>iam</span> 
     </span>
     <span class='ocr_line' id='line_1_31' title="bbox 154 3593 1266 3675; baseline 0.001 -23"><span class='ocrx_word' id='word_1_250' title='bbox 154 3593 291 3655; x_wconf 89' lang='lat' dir='ltr'>homines</span> <span class='ocrx_word' id='word_1_251' title='bbox 319 3595 410 3656; x_wconf 85' lang='lat' dir='ltr'>valde</span> <span class='ocrx_word' id='word_1_252' title='bbox 439 3598 620 3659; x_wconf 84' lang='lat' dir='ltr'>dubitabant</span> <span class='ocrx_word' id='word_1_253' title='bbox 651 3631 691 3640; x_wconf 92' lang='lat'>-</span> <span class='ocrx_word' id='word_1_254' title='bbox 719 3597 894 3658; x_wconf 89' lang='lat' dir='ltr'>conferatur</span> <span class='ocrx_word' id='word_1_255' title='bbox 922 3593 1065 3675; x_wconf 90' lang='lat' dir='ltr'>Heynius</span> <span class='ocrx_word' id='word_1_256' title='bbox 1091 3593 1123 3654; x_wconf 92' lang='lat' dir='ltr'>in</span> <span class='ocrx_word' id='word_1_257' title='bbox 1145 3613 1266 3654; x_wconf 85' lang='lat' dir='ltr'>excurs.</span> 
     </span>
     <span class='ocr_line' id='line_1_32' title="bbox 154 3696 1266 3780; baseline -0.004 -18"><span class='ocrx_word' id='word_1_258' title='bbox 154 3699 241 3780; x_wconf 88' lang='lat' dir='ltr'>prim.</span> <span class='ocrx_word' id='word_1_259' title='bbox 277 3699 317 3758; x_wconf 88' lang='lat' dir='ltr'>ad</span> <span class='ocrx_word' id='word_1_260' title='bbox 344 3699 439 3780; x_wconf 82' lang='lat' dir='ltr'>Verg.</span> <span class='ocrx_word' id='word_1_261' title='bbox 465 3700 543 3762; x_wconf 89' lang='lat' dir='ltr'>Aen.</span> <span class='ocrx_word' id='word_1_262' title='bbox 571 3702 590 3761; x_wconf 90' lang='lat' dir='ltr'>l.</span> <span class='ocrx_word' id='word_1_263' title='bbox 613 3699 664 3760; x_wconf 90' lang='lat' dir='ltr'>III</span> <span class='ocrx_word' id='word_1_264' title='bbox 693 3719 833 3761; x_wconf 91' lang='lat' dir='ltr'>necnon</span> <span class='ocrx_word' id='word_1_265' title='bbox 857 3699 993 3770; x_wconf 81' lang='lat' dir='ltr'>Quintus</span> <span class='ocrx_word' id='word_1_266' title='bbox 1016 3696 1205 3778; x_wconf 79' lang='lat' dir='ltr'>Smyrnaeus</span> <span class='ocrx_word' id='word_1_267' title='bbox 1234 3698 1266 3758; x_wconf 92' lang='lat' dir='ltr'>in</span> 
     </span>
     <span class='ocr_line' id='line_1_33' title="bbox 155 3799 1266 3883; baseline -0.001 -20"><span class='ocrx_word' id='word_1_268' title='bbox 155 3803 375 3865; x_wconf 62' lang='lat' dir='ltr'>Posthomeric.&gt;</span> <span class='ocrx_word' id='word_1_269' title='bbox 392 3802 412 3864; x_wconf 92' lang='lat' dir='ltr'>l.</span> <span class='ocrx_word' id='word_1_270' title='bbox 434 3803 527 3880; x_wconf 89' lang='lat' dir='ltr'>XIII,</span> <span class='ocrx_word' id='word_1_271' title='bbox 548 3825 577 3865; x_wconf 83' lang='lat' dir='ltr'>v.</span> <span class='ocrx_word' id='word_1_272' title='bbox 595 3807 658 3865; x_wconf 89' lang='lat'>300</span> <span class='ocrx_word' id='word_1_273' title='bbox 681 3808 713 3864; x_wconf 88' lang='lat' dir='ltr'>et</span> <span class='ocrx_word' id='word_1_274' title='bbox 732 3802 891 3883; x_wconf 86' lang='lat' dir='ltr'>Vergilius</span> <span class='ocrx_word' id='word_1_275' title='bbox 911 3803 943 3863; x_wconf 92' lang='lat' dir='ltr'>in</span> <span class='ocrx_word' id='word_1_276' title='bbox 957 3800 1085 3883; x_wconf 82' lang='lat' dir='ltr'>Aeneid.</span> <span class='ocrx_word' id='word_1_277' title='bbox 1105 3801 1124 3861; x_wconf 95' lang='lat' dir='ltr'>l.</span> <span class='ocrx_word' id='word_1_278' title='bbox 1144 3799 1195 3862; x_wconf 89' lang='lat' dir='ltr'>HI</span> <span class='ocrx_word' id='word_1_279' title='bbox 1215 3822 1266 3863; x_wconf 79' lang='lat' dir='ltr'>vr.</span> 
     </span>
     <span class='ocr_line' id='line_1_34' title="bbox 157 3904 1266 3990; baseline -0.002 -22"><span class='ocrx_word' id='word_1_280' title='bbox 157 3911 310 3986; x_wconf 83' lang='grc'><strong>94-98,</strong></span> <span class='ocrx_word' id='word_1_281' title='bbox 341 3909 393 3990; x_wconf 87' lang='lat' dir='ltr'>qui</span> <span class='ocrx_word' id='word_1_282' title='bbox 418 3909 495 3969; x_wconf 92' lang='lat' dir='ltr'>illud</span> <span class='ocrx_word' id='word_1_283' title='bbox 523 3929 653 3988; x_wconf 86' lang='lat' dir='ltr'>regnum</span> <span class='ocrx_word' id='word_1_284' title='bbox 679 3908 711 3968; x_wconf 91' lang='lat' dir='ltr'>in</span> <span class='ocrx_word' id='word_1_285' title='bbox 730 3907 824 3970; x_wconf 86' lang='lat' dir='ltr'>Italia</span> <span class='ocrx_word' id='word_1_286' title='bbox 852 3908 950 3969; x_wconf 81' lang='lat' dir='ltr'>fuisse</span> <span class='ocrx_word' id='word_1_287' title='bbox 979 3908 1114 3968; x_wconf 89' lang='lat' dir='ltr'>tradunt.</span> <span class='ocrx_word' id='word_1_288' title='bbox 1158 3904 1266 3987; x_wconf 87' lang='lat' dir='ltr'>Neque</span> 
     </span>
     <span class='ocr_line' id='line_1_35' title="bbox 155 4011 1267 4095; baseline -0.003 -22"><span class='ocrx_word' id='word_1_289' title='bbox 155 4016 297 4088; x_wconf 86' lang='lat' dir='ltr'>constat,</span> <span class='ocrx_word' id='word_1_290' title='bbox 320 4013 401 4095; x_wconf 88' lang='lat' dir='ltr'>quod</span> <span class='ocrx_word' id='word_1_291' title='bbox 423 4011 604 4075; x_wconf 86' lang='lat' dir='ltr'>Aeneadum</span> <span class='ocrx_word' id='word_1_292' title='bbox 635 4033 765 4094; x_wconf 88' lang='lat' dir='ltr'>regnum</span> <span class='ocrx_word' id='word_1_293' title='bbox 796 4031 814 4073; x_wconf 89' lang='lat' dir='ltr'>a</span> <span class='ocrx_word' id='word_1_294' title='bbox 836 4015 942 4074; x_wconf 91' lang='lat' dir='ltr'>nostro</span> <span class='ocrx_word' id='word_1_295' title='bbox 966 4011 1201 4093; x_wconf 90' lang='lat' dir='ltr'>hymnographo</span> <span class='ocrx_word' id='word_1_296' title='bbox 1226 4011 1267 4071; x_wconf 89' lang='lat' dir='ltr'>sit</span> 
     </span>
     <span class='ocr_line' id='line_1_36' title="bbox 155 4105 1304 4197; baseline -0.003 -19"><span class='ocrx_word' id='word_1_297' title='bbox 155 4119 342 4179; x_wconf 87' lang='lat' dir='ltr'>denotatum.</span> <span class='ocrx_word' id='word_1_298' title='bbox 386 4117 437 4178; x_wconf 81' lang='lat' dir='ltr'>Fr.</span> <span class='ocrx_word' id='word_1_299' title='bbox 452 4115 534 4197; x_wconf 82' lang='lat' dir='ltr'>Aug.</span> <span class='ocrx_word' id='word_1_300' title='bbox 549 4105 684 4180; x_wconf 87' lang='lat' dir='ltr'>Wolfius</span> <span class='ocrx_word' id='word_1_301' title='bbox 707 4122 819 4193; x_wconf 87' lang='lat' dir='ltr'>autem,</span> <span class='ocrx_word' id='word_1_302' title='bbox 842 4118 891 4178; x_wconf 88' lang='lat' dir='ltr'>vir</span> <span class='ocrx_word' id='word_1_303' title='bbox 911 4135 980 4179; x_wconf 91' lang='lat' dir='ltr'>mea</span> <span class='ocrx_word' id='word_1_304' title='bbox 1001 4117 1094 4177; x_wconf 87' lang='lat' dir='ltr'>laude</span> <span class='ocrx_word' id='word_1_305' title='bbox 1109 4116 1212 4191; x_wconf 87' lang='lat' dir='ltr'>maior,</span> <span class='ocrx_word' id='word_1_306' title='bbox 1236 4115 1267 4175; x_wconf 91' lang='lat' dir='ltr'>in</span> <span class='ocrx_word' id='word_1_307' title='bbox 1303 4110 1304 4113; x_wconf 63' lang='grc'>’</span> 
     </span>
     <span class='ocr_line' id='line_1_37' title="bbox 155 4221 1266 4302; baseline -0.002 -20"><span class='ocrx_word' id='word_1_308' title='bbox 155 4223 272 4300; x_wconf 88' lang='lat' dir='ltr'>proleg.</span> <span class='ocrx_word' id='word_1_309' title='bbox 295 4222 335 4282; x_wconf 90' lang='lat' dir='ltr'>ad</span> <span class='ocrx_word' id='word_1_310' title='bbox 357 4221 446 4283; x_wconf 90' lang='lat' dir='ltr'>Hom.</span> <span class='ocrx_word' id='word_1_311' title='bbox 469 4224 554 4302; x_wconf 86' lang='lat' dir='ltr'>(pgg.</span> <span class='ocrx_word' id='word_1_312' title='bbox 572 4227 634 4284; x_wconf 89' lang='grc'>106</span> <span class='ocrx_word' id='word_1_313' title='bbox 650 4225 682 4283; x_wconf 89' lang='lat' dir='ltr'>et</span> <span class='ocrx_word' id='word_1_314' title='bbox 700 4225 760 4285; x_wconf 88' lang='grc'>107</span> <span class='ocrx_word' id='word_1_315' title='bbox 786 4221 857 4283; x_wconf 86' lang='lat' dir='ltr'>edit.</span> <span class='ocrx_word' id='word_1_316' title='bbox 879 4221 1004 4301; x_wconf 90' lang='lat' dir='ltr'>primae,</span> <span class='ocrx_word' id='word_1_317' title='bbox 1027 4239 1101 4300; x_wconf 88' lang='lat' dir='ltr'>pgg.</span> <span class='ocrx_word' id='word_1_318' title='bbox 1119 4222 1159 4281; x_wconf 86' lang='grc'>63</span> <span class='ocrx_word' id='word_1_319' title='bbox 1176 4221 1209 4279; x_wconf 88' lang='lat' dir='ltr'>et</span> <span class='ocrx_word' id='word_1_320' title='bbox 1225 4222 1266 4280; x_wconf 82' lang='lat'>64</span> 
     </span>
     <span class='ocr_line' id='line_1_38' title="bbox 157 4323 1267 4410; baseline -0.002 -26"><span class='ocrx_word' id='word_1_321' title='bbox 157 4326 278 4385; x_wconf 88' lang='lat' dir='ltr'>secund.</span> <span class='ocrx_word' id='word_1_322' title='bbox 309 4325 381 4386; x_wconf 89' lang='lat' dir='ltr'>edit.</span> <span class='ocrx_word' id='word_1_323' title='bbox 404 4344 430 4386; x_wconf 89' lang='lat' dir='ltr'>a.</span> <span class='ocrx_word' id='word_1_324' title='bbox 456 4323 554 4410; x_wconf 80' lang='lat'>1859)</span> <span class='ocrx_word' id='word_1_325' title='bbox 584 4327 622 4387; x_wconf 88' lang='lat' dir='ltr'>de</span> <span class='ocrx_word' id='word_1_326' title='bbox 650 4326 773 4408; x_wconf 90' lang='lat' dir='ltr'>hymnis</span> <span class='ocrx_word' id='word_1_327' title='bbox 805 4324 924 4386; x_wconf 91' lang='lat' dir='ltr'>omnino</span> <span class='ocrx_word' id='word_1_328' title='bbox 952 4325 1025 4405; x_wconf 84' lang='lat' dir='ltr'>agit,</span> <span class='ocrx_word' id='word_1_329' title='bbox 1057 4343 1134 4404; x_wconf 92' lang='lat' dir='ltr'>quos</span> <span class='ocrx_word' id='word_1_330' title='bbox 1158 4341 1176 4383; x_wconf 93' lang='lat' dir='ltr'>a</span> <span class='ocrx_word' id='word_1_331' title='bbox 1199 4323 1267 4383; x_wconf 91' lang='lat' dir='ltr'>rha-</span> 
     </span>
     <span class='ocr_line' id='line_1_39' title="bbox 155 4427 1280 4512; baseline -0.006 -25"><span class='ocrx_word' id='word_1_332' title='bbox 155 4429 261 4507; x_wconf 90' lang='lat' dir='ltr'>psodis</span> <span class='ocrx_word' id='word_1_333' title='bbox 283 4430 357 4492; x_wconf 88' lang='lat' dir='ltr'>dicit</span> <span class='ocrx_word' id='word_1_334' title='bbox 380 4450 450 4492; x_wconf 88' lang='lat' dir='ltr'>esse</span> <span class='ocrx_word' id='word_1_335' title='bbox 472 4431 666 4511; x_wconf 91' lang='lat' dir='ltr'>compositos,</span> <span class='ocrx_word' id='word_1_336' title='bbox 688 4431 798 4512; x_wconf 91' lang='lat' dir='ltr'>quibus</span> <span class='ocrx_word' id='word_1_337' title='bbox 824 4430 953 4492; x_wconf 87' lang='lat' dir='ltr'>solemni</span> <span class='ocrx_word' id='word_1_338' title='bbox 970 4427 1155 4489; x_wconf 71' lang='lat' dir='ltr'>recitationi</span> <span class='ocrx_word' id='word_1_339' title='bbox 1166 4427 1280 4483; x_wconf 56' lang='lat' dir='ltr'>aarum·</span> 
     </span>
    </p>
   </div>
   <div class='ocr_carea' id='block_1_6' title="bbox 0 0 1426 4814">
    <p class='ocr_par' dir='ltr' id='par_1_6' title="bbox 0 0 1426 4814">
     <span class='ocr_line' id='line_1_40' title="bbox 0 0 1426 4814; baseline 0 0"><span class='ocrx_word' id='word_1_340' title='bbox 0 0 1426 4814; x_wconf 95' lang='lat' dir='ltr'> </span> 
     </span>
    </p>
   </div>
  </div>
 </body>
</html>
