2828 4814
634 356 852 461 ..45-

191 540 274 605 Audi
297 544 399 605 modo!
421 541 625 605 Ruhnkenius
646 543 762 622 primus
784 546 911 623 propter
931 543 1133 622 tautologiam
1147 544 1185 603 de
1200 540 1300 623 Nym-

191 648 261 728 phis
279 648 392 709 dietam
411 667 441 708 5.
458 651 498 709 98
519 667 580 708 555
602 666 672 708 5555
692 647 852 708 ferendum
868 649 904 707 55
915 638 1151 726 ὑποβολιμαῖον
1164 665 1200 708 ae
1213 666 1303 727 repe-

190 752 281 814 titum
308 772 378 813 enm
407 751 506 813 videri
536 772 576 813 ex
597 773 626 813 5.
644 753 706 812 258
736 751 788 811 vel
817 753 879 812 285
898 751 985 813 dixit.
1029 749 1069 811 Ei
1091 751 1306 813 assentiuntur

191 856 330 938 Ilgenius
361 856 425 938 (qui
453 861 616 937 praeterea
635 857 713 916 bene
736 855 903 931 adnotavit,
925 857 1184 937 interpolatorem,
1207 876 1305 938 quum

190 961 252 1022 tria
273 980 344 1023 esse
358 959 572 1041 Nympharum
584 978 708 1040 genera,
732 959 920 1021 silvestrium
934 964 1147 1022 montanorum
1161 962 1304 1022 fontana·

192 1085 268 1142 rum,
281 1065 383 1131 ,eoiret
404 1083 440 1127 ao
463 1066 595 1126 olassem
609 1082 700 1124 unam
714 1064 770 1126 hoo
786 1064 853 1125 looo
869 1065 1036 1126 desiderari
1051 1065 1190 1141 vidisset,
1214 1065 1305 1145 igno·

192 1175 311 1232 rentem
332 1171 443 1250 555555
464 1171 519 1231 vix
534 1170 566 1231 in
581 1172 715 1230 merrtem
727 1169 867 1249 potuisse
882 1170 997 1244 venire,
1018 1169 1180 1250 Nymphas
1196 1171 1306 1232 ordine

193 1275 392 1356 systematioo
420 1293 581 1336 recensere
610 1296 640 1334 5.
660 1278 700 1336 98
732 1293 772 1335 ex
792 1294 842 1336 55.
868 1275 930 1336 258
961 1275 993 1334 55
1022 1275 1084 1336 285
1106 1274 1306 1355 compilasse)

194 1399 252 1442 neo
274 1399 335 1441 non
357 1379 562 1455 Matthiaeus,
589 1378 799 1455 Hermannus,
822 1377 1061 1453 Baumeisterus,
1080 1377 1305 1460 Bernhardyus

194 1485 276 1563 (hist.
298 1485 356 1546 litt.
382 1503 501 1564 graeeo.
523 1484 583 1561 11³,
607 1490 623 1545 1
649 1504 701 1565 pg.
718 1484 802 1561 232).
847 1482 1042 1545 Hermannus
1061 1503 1135 1545 vero
1150 1484 1183 1545 in
1197 1504 1304 1545 enum-

192 1589 361 1650 meratione
381 1609 501 1670 quoqne
517 1589 644 1649 dearum
665 1608 716 1649 55.
733 1592 774 1650 93
797 1590 830 1648 et
843 1592 885 1648 94
900 1587 1025 1649 offendit
1042 1607 1078 1649 ae
1090 1590 1181 1668 putat
1192 1609 1245 1650 vv.
1253 1593 1299 1650 92.

194 1698 244 1755 93.
269 1695 319 1755 95.
343 1697 393 1755 96.
417 1698 467 1755 97.
492 1698 531 1753 99
547 1695 667 1773 poetae,
682 1713 733 1752 55.
752 1695 794 1753 94
808 1695 841 1752 55
854 1695 894 1754 98
909 1692 1185 1774 (fortassequoque
1200 1713 1251 1754 55.
1263 1692 1303 1753 95

194 1802 226 1860 55
246 1798 299 1875 98)
321 1797 535 1879 interpolatori
558 1798 670 1859 deberi.
698 1796 849 1878 Equidem
871 1816 941 1858 eum
960 1817 1011 1858 55.
1032 1796 1155 1858 illisdd.
1177 1816 1307 1859 versum

194 1907 235 1964 98
266 1921 336 1964 esse
365 1902 502 1982 spurium
529 1904 603 1982 5555
633 1922 689 1964 555
719 1921 780 1963 555
800 1900 968 1963 Hermanni
991 1901 1233 1963 dubitationibus
1257 1902 1308 1964 in·

194 2007 305 2069 citatus
336 2026 417 2083 sum,
439 2010 475 2068 ut
505 2027 556 2068 55.
581 2011 621 2069 93
654 2010 686 2069 55
710 2011 751 2068 94
773 2025 829 2087 pro
851 2006 1033 2085 adulterinis
1055 2007 1214 2082 haberem,
1252 2008 1308 2068 551

192 2112 297 2192 potius
318 2115 353 2174 55
374 2115 523 2192 putarem,
544 2132 595 2173 55.
620 2116 669 2174 93.
696 2115 744 2172 94.
767 2111 799 2173 in
821 2113 918 2174 altera
938 2113 1121 2194 hymnorum
1143 2111 1308 2173 exstitisse

194 2217 372 2278 reeensione
409 2250 452 2261 —
487 2235 580 2298 quam
615 2216 712 2278 fnisse
745 2214 921 2279 Hermanno
963 2217 1106 2279 anctorel
1139 2217 1307 2278 statuimus

195 2340 334 2403 quaeque
356 2321 464 2400 magis,
487 2320 518 2380 id
543 2320 624 2402 quod
645 2340 686 2381 ex
708 2341 758 2380 55.
775 2325 815 2382 93
839 2324 871 2383 55
893 2324 933 2384 94
951 2321 1108 2398 eonoludo,
1131 2340 1171 2382 ex
1185 2322 1308 2383 ratione
1366 2330 1371 2341 “

193 2426 339 2488 hesiodea
367 2425 467 2506 epioe,
502 2424 521 2485 i.
549 2444 577 2485 5.
608 2424 810 2505 genealogica
840 2428 872 2486 et
893 2425 1052 2501 didaotiea,
1076 2426 1132 2487 fuit
1156 2428 1305 2488 confecta

193 2531 283 2596 Unde
313 2549 349 2593 ao
377 2530 511 2592 fortasse
539 2549 580 2590 ex
603 2529 663 2591 alia
685 2529 816 2612 quadam
838 2529 1003 2610 theogonia
1025 2530 1227 2611 interpolator
1247 2531 1307 2593 hos

192 2657 302 2699 versus
322 2637 435 2717 hymno
457 2634 595 2696 inseruit.
639 2634 762 2696 Etenim
785 2635 812 2695 si
830 2634 986 2711 rationem,
1009 2635 1115 2717 quain
1129 2635 1307 2709 nominihus

193 2740 374 2804 enarrandis
397 2739 552 2800 Hesiodus
579 2738 733 2821 ceterique
756 2740 923 2801 earminum
942 2740 1097 2821 epicorum
1126 2741 1307 2822 genealogi-

194 2865 298 2908 eorum
332 2848 442 2925 poetae
478 2864 518 2906 ex
559 2862 645 2904 more
673 2840 817 2926 antiquas
846 2863 976 2924 poeseos
1006 2863 1113 2907 saerae
1143 2845 1192 2906 usi
1224 2848 1307 2922 sunt,

193 2970 302 3032 nempe
325 2950 376 3032 qui
399 2950 430 3011 in
451 2968 562 3010 versus
583 2948 683 3029 spatio
704 2950 854 3031 quaterna
872 2948 994 3010 nomina
1016 2950 1067 3010 vel
1079 2952 1168 3011 terna
1182 2950 1309 3012 nomina

195 3074 263 3117 enm
290 3065 350 3116 uno
378 3053 513 3134 epitheto
535 3052 587 3113 vel
609 3053 681 3114 bina
701 3053 824 3115 nomina
846 3073 915 3115 oum
936 3053 1017 3115 binis
1038 3054 1184 3134 epithetis
1207 3055 1306 3116 inolu-

196 3157 320 3222 serunt²
340 3193 384 3202 -
407 3157 434 3218 si
452 3175 520 3219 eam
542 3157 640 3217 animo
663 3158 847 3234 retinemus,
870 3159 958 3220 faeile
979 3158 1068 3220 nobis
1089 3160 1306 3238 persuadetur,

195 3264 251 3326 hos
262 3264 340 3324 duos
352 3281 472 3337 versus,
496 3260 657 3342 dequibus
671 3262 801 3341 agimus,
823 3282 841 3323 e
854 3263 974 3324 ratione
981 3262 1166 3343 theogoniae
1180 3262 1305 3345 (nempe

194 3390 223 3432 5.
240 3373 280 3432 93
304 3367 440 3430 eontinet
461 3366 523 3428 tria
544 3365 666 3427 nomina
681 3385 750 3428 oum
764 3386 825 3428 uno
837 3367 982 3448 epitheto,
1004 3387 1033 3427 v.
1051 3371 1092 3429 94
1110 3368 1170 3429 duo
1182 3369 1309 3432 nomina

195 3494 264 3536 oum
285 3472 403 3534 duobus
425 3469 583 3550 epithetis)
606 3490 676 3532 esse
698 3471 883 3552 oompositos
904 3474 935 3534 et
945 3471 1058 3552 hymno
1072 3475 1178 3534 nostro
1191 3463 1309 3559 ὁμηρι-

197 3572 329 3660 κωτάτῳ
342 3577 445 3656 inepte
469 3576 508 3636 ab
530 3574 750 3655 interpolatore
769 3576 910 3638 insertos.
955 3575 1036 3639 Nam
1059 3577 1086 3638 si
1105 3598 1156 3638 vv.
1183 3581 1233 3639 93.
1255 3583 1310 3641 94.

197 3688 237 3746 98
268 3701 308 3744 ex
336 3680 449 3761 hymno
473 3678 618 3756 eiioimns,
642 3680 787 3741 orationis
809 3681 923 3742 flumen
946 3681 1091 3762 optimum
1114 3701 1148 3742 ao
1171 3683 1309 3746 maxime

196 3787 375 3850 eoneinnum
395 3788 458 3845 est:
479 3781 630 3845 Anchises
654 3784 785 3846 Veneris
807 3786 933 3847 formam
958 3786 1126 3847 admiratus
1141 3804 1209 3847 eam
1225 3807 1310 3849 oom-

196 3893 286 3972 parat
308 3890 438 3971 primum
460 3908 529 3949 enm
550 3889 609 3949 dea
628 3888 730 3970 aliqua
753 3890 910 3971 superiore
933 3891 985 3952 vel
1001 3889 1144 3972 Olympia
1166 3891 1197 3951 in
1219 3911 1250 3952 5.
1261 3897 1305 3955 92

197 4033 240 4042 -
262 3995 343 4079 quod
370 3997 406 4055 ut
435 3993 548 4054 elarius
581 3993 724 4054 redderet
747 4013 788 4055 ex
811 4013 880 4056 mea
903 3995 1024 4077 quidem
1047 3995 1187 4076 opinione
1208 3995 1309 4058 inter-

196 4103 316 4183 polator
337 4120 387 4160 55.
405 4100 444 4158 93
468 4098 501 4156 et
524 4101 565 4158 94
587 4097 698 4159 adiecit
722 4133 771 4175 -‚
792 4100 863 4161 dein
883 4119 951 4162 oum
974 4101 1031 4162 dee
1045 4099 1147 4181 aliqua
1163 4100 1312 4165 inferiore

268 4262 295 4332 1)
314 4261 347 4316 ei.
364 4261 429 4317 edit.
448 4263 532 4331 praef.
551 4279 598 4333 pg.
616 4264 641 4316 V
659 4281 717 4336 sqq.

267 4349 295 4418 2)
314 4349 347 4405 55.
373 4349 428 4403 Τ5.
445 4350 559 4420 Bergk
583 4350 687 4407 Grieeh.
712 4352 839 4408 Litterat.
857 4354 887 4408 in
904 4353 990 4408 Erseh
1015 4371 1041 4408 5.
1068 4352 1171 4410 Gruber
1187 4352 1311 4429 allgem.

145 4500 153 4513 .
198 4435 341 4505 lineyolop.
363 4434 390 4492 d.
413 4437 576 4494 Wissenseh.
600 4455 625 4494 n.
649 4439 753 4496 Klinste
771 4439 840 4497 Seot.
858 4440 880 4494 Ι.
900 4440 979 4497 'Pheil
996 4441 1028 4498 81
1049 4459 1094 4512 pg.
1113 4442 1165 4497 336
1183 4444 1240 4498 not.
1260 4448 1308 4505 40.
