2828 4814
592 354 808 414 ..43-

151 556 230 620 quae
244 540 326 620 apud
340 538 506 602 Homerum
515 558 577 601 non
587 538 740 620 legantur.
762 537 841 600 Sunt
852 541 955 601 autem
964 541 1074 602 hacce:
1090 536 1258 617 διιπετέας

152 643 193 719 (v.
216 644 263 720 4),
296 639 432 727 τρισσὰς
461 646 503 724 (v,
519 644 569 721 7),
591 635 722 715 σατίνας
750 645 791 723 (r.
809 644 877 721 13),
900 636 1108 727 ἁπαλόχροας
1127 647 1169 725 (v.
1193 647 1256 725 14),

150 740 302 824 τιμάοχος
322 749 364 827 (v.
375 751 439 828 31),
460 738 634 831 προκάδων
657 749 698 827 (v.
710 750 775 827 71),
794 742 906 811 σύνδυο
930 749 970 826 (v.
987 748 1051 827 74),
1072 742 1259 831 ὲύγναμπὰς

150 851 190 928 (v.
207 850 270 927 87),
293 843 455 914 εἰσοπίσω
483 853 524 931 (v.
546 854 636 931 104),
658 846 875 933 χαμαιγενέων
894 852 935 931 (v.
953 855 1041 933 108),
1064 840 1258 938 εὐτειχήτοιο

149 955 191 1031 (v.
208 953 294 1031 112),
315 943 660 1039 ἀμφὶ-ἐστεφάνωτο
676 958 717 1035 (v.
730 961 802 1033 120,
813 957 845 1017 in
855 956 967 1034 tmesi),
984 949 1112 1020 άκτιτον
1123 957 1258 1036 (uma),

149 1048 387 1141 βαρυφθόγγων
423 1060 464 1139 (v.
488 1062 588 1140 159),
620 1050 820 1141 βιοθάλμιος
848 1061 889 1138 (v.
908 1061 998 1139 189),
1027 1054 1259 1139 ἐπιοινοχοεύοι
1330 1060 1334 1067 ’

149 1160 191 1238 (v.
208 1163 294 1241 204),
308 1158 427 1247 νηλειές
450 1167 490 1243 (v.
507 1165 592 1242 245),
614 1159 798 1249 καματηρὸν
819 1165 860 1243 (v.
878 1167 963 1246 246),
983 1155 1101 1248 ὀάρους
1123 1168 1164 1246 (v.
1174 1169 1259 1246 249),

150 1258 303 1347 ἐροέντων
314 1269 355 1346 (v.
368 1270 453 1347 263),
464 1257 615 1347 ἀζάνεται
631 1271 670 1350 (v.
680 1270 766 1346 270),
780 1256 1106 1354 ἀμφιπεριφθινύθει
1122 1273 1163 1350 (v.
1174 1272 1259 1349 271),

149 1360 381 1450 καλυκώπιδος,
404 1373 445 1450 (y.
461 1373 546 1450 284).
579 1371 722 1454 Hymnus
745 1372 841 1453 igitur
862 1375 968 1435 noster
989 1374 1125 1436 continet
1146 1375 1178 1435 in
1196 1378 1259 1437 293

149 1475 291 1537 versibus
313 1495 406 1539 voces
427 1476 541 1557 viginti
562 1480 627 1539 tres
649 1497 711 1539 non
733 1477 911 1554 homericae,
934 1497 1009 1558 ergo
1032 1497 1124 1540 unam
1138 1479 1170 1539 in
1185 1479 1258 1540 duo-

150 1579 249 1641 decim
281 1581 333 1641 vel
368 1582 515 1644 tredecim
552 1583 702 1645 versibus.
753 1581 885 1663 Appono
912 1582 1068 1648 Fietkavii
1096 1582 1260 1658 tabulam¹,

150 1701 169 1744 e
200 1702 261 1764 qua
288 1685 393 1761 vides,
426 1686 544 1748 nullum
575 1687 669 1748 alium
698 1687 847 1768 hymnum
868 1689 1030 1768 tantopere
1052 1688 1178 1749 vocibus
1198 1705 1260 1748 non

150 1787 311 1852 homericis
334 1809 439 1853 carere
462 1794 554 1873 atque
574 1795 730 1854 nostrum:

149 1890 626 1960 Hymn.inApoll.oontinetinvv.546
639 1909 714 1945 voces
726 1910 777 1945 non
792 1894 860 1945 horu.
881 1899 923 1956 71,
940 1893 1187 1959 itaqueunaminvr.
1210 1899 1223 1943 7

184 2018 201 2045 ω
255 1981 361 2043 τνΜθῐθ·
408 2016 426 2045 ω
496 2017 510 2046 ω
529 2016 547 2043 ω
570 1985 621 2031 580
657 2016 676 2043 τι
736 2017 754 2043 n
804 2015 822 2043 ιν
866 1984 915 2030 133
969 2016 986 2043 n
1055 2016 1071 2044 n
1112 2016 1129 2042 ω
1153 2017 1170 2042 n
1209 1981 1259 2045 3¹sa

186 2103 202 2130 ω
255 2066 372 2128 ”vimen
408 2101 425 2129 ω
496 2102 511 2127 π
531 2102 547 2130 ιν
569 2071 618 2116 293
656 2102 672 2127 ιν
734 2103 750 2129 ιι
804 2104 821 2130 ω
886 2070 918 2116 23
973 2102 990 2127 ιν
1062 2104 1078 2129 τι
1114 2104 1131 2129 ω
1150 2103 1166 2128 ω
1193 2069 1260 2129 Ῑῗθύι

185 2188 202 2217 n
257 2152 363 2216 secem·
406 2189 422 2215 ω
500 2189 516 2216 ιι
534 2189 551 2216 aa
571 2157 621 2204 49⁶
656 2190 673 2216 n
736 2190 753 2217 ω
806 2189 823 2216 τι
888 2157 920 2203 94
973 2189 989 2215 τι
1058 2191 1075 2216 ιι
1111 2189 1129 2215 aa
1150 2189 1166 2216 ω
1208 2158 1260 2218 5¹l⁴

238 2240 282 2302 At
317 2260 356 2302 ne
391 2241 493 2303 dicere
529 2241 651 2323 quidem
684 2244 791 2322 potes,
838 2241 894 2302 has
929 2240 1042 2322 viginti
1074 2244 1139 2303 tres
1166 2261 1258 2305 voces

149 2347 314 2409 maximam
338 2348 458 2427 partem
472 2347 578 2408 deberi
591 2344 743 2422 Hesiodo,
775 2345 847 2429 quia
866 2345 959 2407 exiis
982 2345 1070 2407 modo
1087 2365 1144 2407 sex
1159 2338 1260 2425 (ἁπα-

148 2443 269 2532 λόχρως
282 2487 325 2496 -
338 2441 439 2535 ἐρόεις
456 2485 499 2497 -
513 2445 636 2536 νηλειής
652 2486 694 2494 -
710 2442 857 2531 ύαρσς-
867 2440 1261 2535 τρισσύς-χαμαιγενής)

150 2558 232 2638 apud
251 2554 421 2618 Hesiodum
435 2556 642 2618 inveniuntur.
677 2554 802 2615 Addere
816 2553 910 2615 velim
928 2554 960 2614 in
974 2554 1088 2634 hymno
1103 2554 1261 2635 epitheton

149 2651 358 2743 πολύχρυσος,
379 2678 439 2742 quo
454 2659 563 2720 Venus
579 2659 730 2721 exornata
744 2664 802 2733 est,
825 2657 992 2719 identidem
1007 2657 1176 2720 admissum
1190 2678 1261 2720 esse

150 2766 232 2846 apud
253 2763 424 2827 Hesiodum
444 2763 559 2844 Theog.
583 2785 608 2826 ν.
626 2767 700 2838 980,
722 2761 797 2844 Hrg.
819 2783 844 2824 ν.
861 2763 933 2838 521,
956 2761 1040 2825 Sout.
1062 2784 1106 2824 νυ.
1123 2766 1142 2824 8
1161 2766 1193 2824 et
1208 2767 1260 2839 47,

148 2871 180 2930 in
202 2872 310 2950 fragm.
330 2873 381 2945 79,
404 2890 433 2930 v.
450 2873 478 2931 3.
515 2867 560 2929 At
579 2869 713 2949 hymnus
735 2869 767 2929 in
786 2864 963 2947 Apollinem
984 2868 1066 2928 inter
1086 2888 1179 2930 voces
1199 2887 1261 2930 non

149 2973 318 3034 homericae
336 2977 374 3033 71
407 2991 501 3034 voces
516 2972 678 3034 hesiodeas
695 2974 744 3047 15,
763 2973 897 3053 hymnus
919 2972 952 3032 in
973 2971 1160 3032 Mercurium
1180 2973 1261 3032 inter

152 3081 214 3139 183
224 3077 274 3152 35,
289 3077 423 3158 hymnus
437 3076 469 3136 in
479 3076 626 3140 Cererem
636 3077 717 3137 inter
726 3080 767 3138 93
777 3080 816 3138 18
830 3076 972 3138 continet.
1004 3075 1156 3146 Quocirca
1167 3076 1193 3138 si
1204 3097 1259 3158 pro

148 3202 296 3244 versuum
324 3200 450 3242 numero
480 3183 639 3261 computas
667 3199 759 3242 voces
790 3181 967 3256 hesiodeas,
999 3184 1107 3243 noster
1127 3182 1260 3262 hymnus

149 3290 214 3363 est,
251 3288 302 3369 qui
330 3285 546 3367 paucissimas·
562 3285 718 3347 contineat
746 3305 839 3348 voces
868 3285 1030 3347 hesiodeas
1058 3285 1139 3346 inter
1166 3305 1260 3347 voces

148 3410 210 3452 non
239 3391 416 3452 homerieas.
461 3388 552 3453 Unde
574 3389 678 3469 colligi
700 3391 812 3470 potest,
834 3389 1102 3471 hymnographum
1121 3394 1261 3451 nostrum

149 3497 182 3556 et
200 3493 336 3555 Hesiodo
358 3495 515 3556 minimum
537 3495 650 3555 debere
669 3496 701 3554 et
724 3495 762 3555 ab
784 3493 851 3554 eius
867 3493 986 3555 ratione
999 3493 1166 3555 carminum
1181 3515 1260 3557 com-

149 3600 359 3682 ponendorum
386 3599 623 3661 remotissimum
654 3595 751 3658 essee
808 3596 852 3659 At
879 3597 1077 3661 inveniuntur
1106 3601 1261 3677 nonnulla,

219 3752 246 3821 l)
266 3751 352 3818 Quam
371 3751 471 3805 correxi
488 3749 592 3805 duobus
613 3750 694 3815 loeis,
712 3766 775 3805 nam
800 3749 844 3821 (cf.
862 3749 881 3805 l.
900 3750 918 3804 l.
937 3767 983 3821 pg.
1004 3750 1050 3819 20)
1067 3766 1117 3805 vox
1136 3747 1261 3818 ἄπλητον

150 3855 203 3894 non
222 3841 310 3894 exstat
327 3838 356 3892 in
374 3837 468 3908 hymni
484 3837 551 3893 Ven.
573 3855 597 3892 v.
615 3838 658 3902 83,
678 3837 771 3892 sedin
790 3837 889 3906 hymno
907 3837 936 3891 in
955 3837 1079 3893 Cererem
1097 3854 1121 3891 v.
1137 3836 1179 3902 83,
1197 3854 1260 3907 ergo

149 3927 178 3982 in
196 3927 296 3994 hymno
314 3924 402 3994 priore
420 3926 484 3978 aunt
503 3924 537 3981 23
552 3923 644 3979 vocab.
662 3940 715 3979 non
735 3924 813 3987 hom,
827 3924 856 3977 in
869 3925 954 3979 altero
961 3925 995 3980 94
1007 3923 1160 3979 huiusmodi
1173 3939 1259 3979 voces.

219 4013 246 4082 2)
265 4012 353 4079 Quare
371 4011 464 4080 inepte
482 4010 616 4065 iudicasse
635 4010 703 4064 mihi
720 4010 845 4065 videntur
874 4010 995 4074 ,sodales
1014 4010 1152 4066 societatis
1170 4011 1259 4080 philo·

148 4104 228 4171 logae
245 4098 376 4154 lenensis'
394 4099 422 4153 in
440 4097 586 4166 specimine
604 4097 731 4153 editionis
748 4097 915 4168 Goettlingio
934 4099 1024 4154 oblato
1043 4099 1142 4175 (1865),
1161 4096 1190 4151 in
1208 4112 1259 4166 quo

149 4203 256 4244 carmen
272 4189 393 4242 nostrum
413 4185 546 4241 eratione
565 4185 727 4254 Goettlingii
744 4184 773 4239 in
791 4184 905 4240 Hesiodi
923 4185 1078 4256 Theogonia
1089 4183 1259 4254 potissimum

151 4274 273 4330 adhibita
290 4273 318 4328 in
337 4276 451 4343 quatuor
468 4273 561 4343 partes
580 4271 730 4326 diviserunt
746 4271 828 4342 idque
845 4287 876 4326 ex
895 4271 1003 4342 ingenio
1015 4272 1162 4328 carminum
1169 4270 1258 4326 hesio-

150 4361 259 4415 deorum
283 4360 463 4430 conscriptum
487 4375 547 4414 esse
571 4359 681 4414 censent
710 4388 744 4396 -
768 4357 802 4413 ef.
828 4356 968 4413 Windisoh
990 4359 1009 4412 l.
1027 4359 1046 4412 l.
1069 4373 1116 4426 pg.
1135 4357 1258 4416 47-48.

149 4446 218 4504 Mihi
236 4447 344 4519 quidem
359 4447 475 4505 facultas
492 4445 557 4505 libri
574 4443 735 4516 inspiciendi
753 4445 817 4502 data
834 4461 888 4501 nou
907 4447 974 4501 erat.
