2828 4814
619 345 837 406 ...58-

263 532 326 595 Sed
352 534 412 595 alia
442 534 574 614 denique
600 536 632 594 et
669 532 853 612 gravissima
883 531 1005 612 quidem
1032 551 1083 593 res
1110 548 1191 591 nune
1217 547 1291 610 pro-

177 638 304 698 ferende
342 640 401 699 est.
452 636 582 699 Accedit
611 638 693 697 enim
726 637 808 718 quod
843 636 1006 696 memoriae
1039 636 1196 716 proditum
1228 637 1291 710 est,

179 740 330 802 Troadem
352 742 478 822 antiquo
500 748 647 822 tempore,
666 740 727 801 iam
747 746 818 801 ante
847 740 1101 801 disturbationem
1123 737 1294 819 Agamem·

176 864 257 905 none
287 846 365 906 duce
396 846 527 922 factem,
557 843 723 907 aGraecis
751 863 821 905 esse
838 847 1030 924 occupatam
1060 843 1213 905 -ouius
1244 841 1295 903 rei

176 949 347 1028 vestIgium
373 953 479 1012 exstat
507 950 540 1010 in
567 949 672 1011 fabula
704 948 866 1009 notissima
893 948 932 1008 de
966 947 1058 1009 Troia
1085 949 1123 1008 ab
1155 946 1295 1007 Hercule

180 1057 272 1133 capta
301 1089 343 1099 —
366 1057 459 1135 etque
479 1051 668 1116 Graecorum
690 1053 775 1114 cultu
804 1071 839 1113 ao
861 1053 983 1113 cultura
1007 1053 1154 1114 imbutam
1183 1051 1294 1128 fuisse,

181 1160 215 1219 et
236 1157 368 1237 primum
388 1158 511 1240 quidem
530 1178 571 1220 ex
590 1157 691 1219 Lesbo
713 1157 822 1218 insula.
867 1155 914 1217 De
937 1174 998 1237 qua
1021 1176 1056 1216 re
1078 1156 1177 1217 fusius
1193 1153 1295 1216 Klau-

184 1261 315 1338 senius1,
337 1261 558 1339 Hermannusl,
582 1260 784 1337 Herodotus³,
808 1260 937 1323 Strabo⁴
958 1261 1204 1341 disputaverunt.
1249 1258 1297 1320 Et

180 1368 265 1426 recte
292 1365 462 1445 Engelius⁵
490 1368 597 1429 laudat
618 1366 834 1441 Klausenium,
865 1366 917 1447 qui
945 1366 1104 1444 ingeniose
1133 1370 1295 1443 eompara-

180 1468 262 1529 verit
298 1472 432 1532 rationes
461 1469 684 1533 Germanorum
721 1469 955 1549 Schleswigiam
992 1468 1160 1548 occupandi
1198 1469 1296 1548 atque

180 1573 298 1634 animos
347 1594 507 1654 moresque
550 1573 725 1649 excolendi,
768 1593 859 1654 quum
885 1574 1024 1655 ¹utrique
1059 1573 1099 1632 ad
1142 1571 1295 1652 populum

182 1681 348 1756 cognatum
370 1682 402 1739 et
424 1678 686 1757 consanguineum
708 1678 876 1738 venissent.
904 1675 948 1738 At
969 1678 1135 1758 religiones
1150 1679 1297 1737 veterum

180 1779 368 1841 Teucrorum
399 1781 448 1842 his
479 1782 605 1843 coloniis
633 1782 773 1843 deductis
793 1801 854 1842 non
875 1782 1073 1857 interierunt,
1105 1781 1159 1842 sed
1185 1799 1298 1841 eorum

183 1884 221 1944 de
251 1883 310 1945 diis
342 1885 498 1965 opiniones
524 1905 593 1946 oum
620 1886 743 1947 illorum
770 1889 834 1947 tam
856 1890 923 1946 arte
946 1886 1140 1960 coaluerunt,
1171 1886 1208 1945 ut
1238 1903 1296 1946 eas

184 2007 343 2050 secernere
365 1990 465 2050 inanis
488 1991 529 2051 sit
558 2009 659 2070 opera.
704 1990 814 2050 Matris
838 1998 941 2051 autem
975 1990 1101 2050 deorum
1131 1987 1184 2049 vel
1216 1989 1298 2050 deae

181 2091 310 2168 Idaeae,
334 2112 413 2175 quae
437 2113 587 2155 summum
607 2094 688 2155 inter
703 2092 905 2155 Troianorum
921 2094 994 2154 deos
1011 2093 1169 2154 obtinebat
1183 2092 1298 2170 locum,

184 2197 342 2257 veneratio
366 2197 567 2276 religionibus
591 2198 801 2279 aPhrygibus
825 2197 928 2258 allatis
947 2200 1035 2259 tanta
1056 2197 1138 2257 facte
1154 2198 1237 2273 erat,
1262 2198 1300 2257 ut

184 2299 274 2359 novis
294 2299 481 2360 coloniarum
504 2301 705 2375 aeolioerum‚
734 2320 812 2382 quae
828 2300 1008 2381 Thucydide
1023 2298 1166 2361 auetore⁶
1186 2302 1300 2380 postea

183 2403 215 2463 in
248 2403 306 2463 hac
328 2402 459 2464 Troadis
482 2423 536 2465 ore
558 2405 699 2466 conditae
731 2408 817 2481 sunt,
852 2405 948 2466 saeris
970 2404 1072 2484 perire
1094 2423 1155 2464 non
1177 2407 1298 2484 posset,

183 2508 239 2569 sed
263 2508 356 2568 etiam
382 2508 505 2569 illorum
532 2509 733 2588 religionibus
763 2510 933 2589 assumptis
963 2511 1116 2570 cresceret
1135 2507 1298 2588 maiorque

182 2609 297 2672 fieretl.
359 2610 448 2675 Unde
486 2612 594 2690 fiebat,
633 2621 668 2674 ut
698 2614 777 2674 illud
799 2633 922 2694 =numen
955 2614 1103 2687 troicum,
1137 2612 1221 2692 quod
1244 2630 1298 2688 ⁸ex

186 2714 402 2803 Troianorum,
425 2713 600 2796 Phrygum,
632 2717 800 2794 Thracum,
827 2717 1075 2792 Samothracum,
1105 2713 1303 2778 Graecorum

186 2819 386 2898 religionibus
409 2820 497 2900 quasi
519 2824 696 2882 contextum
718 2841 787 2882 esse
810 2822 999 2902 accepimus,
1021 2839 1132 2881 nomen
1153 2819 1298 2896 Veneris,

184 2923 233 2983 cui
264 2923 450 2984 simillimum
479 2925 594 2986 factum
614 2924 713 3002 erat⁸,
751 2927 789 2986 ab
823 2924 972 2987 Aeolibus
1009 2925 1160 3004 acciperet
1193 2925 1227 2983 et
1263 2925 1298 2985 in

184 3044 290 3086 eorum
313 3028 452 3088 ordinem
473 3029 600 3090 deorum
630 3032 687 3091 sub
709 3031 767 3090 hoe
789 3030 911 3092 nomine
933 3025 1149 3109 recipereturl,
1179 3027 1298 3108 quippe

184 3150 277 3210 quum
305 3131 351 3192 illi
380 3134 412 3192 et
434 3131 534 3192 ultimi
555 3125 709 3195 venirent
725 3136 757 3196 et
785 3135 986 3213 religionibus
1018 3151 1053 3193 ae
1082 3132 1203 3192 cultura
1224 3151 1297 3192 eru-

185 3234 359 3317 ditioneque
383 3233 532 3296 Troianos
562 3241 594 3297 et
624 3240 743 3298 ceteros
765 3236 862 3299 Asiae
887 3237 1012 3299 minoris
1044 3235 1175 3316 populos
1208 3236 1297 3296 ante-

256 3449 283 3518 1)
302 3449 358 3507 1.1.
378 3448 456 3518 ng.
475 3447 510 3506 28
527 3463 587 3518 sqq.

254 3534 537 3604 aduenerant
556 3535 581 3602 ς.
602 3537 644 3601 76,
664 3534 706 3589 14.

253 3622 283 3692 3)
300 3622 333 3686 V,
354 3623 413 3678 122.

254 3708 282 3778 4)
298 3707 367 3762 XIII
386 3724 433 3778 pg.
452 3709 511 3765 582.
530 3723 588 3779 sqq.
608 3708 668 3764 600.

255 3793 549 3864 5)1.1.11pg.311.

255 3880 282 3949 6)
300 3880 347 3946 IV,
365 3881 400 3936 52
417 3911 452 3920 -
476 3879 509 3936 cf.
527 3879 650 3936 Welclrer
666 3879 716 3949 llp.
735 3877 808 3948 chl.
829 3877 858 3932 11
876 3894 922 3948 pg.
943 3879 978 3934 21
998 3893 1057 3946 sqq.

254 3967 281 4036 7)
299 3966 420 4022 Klausm
437 3966 455 4023 l.
471 3965 489 4021 l.
507 3967 522 4020 I
540 3983 586 4037 pg.
608 3967 651 4023 29,

256 4052 284 4121 8)
301 4052 372 4108 Nam
389 4053 481 4108 Venus
499 4068 604 4123 quoque
623 4052 695 4121 apud
717 4049 834 4106 Graecos
852 4053 940 4106 terrae
960 4051 1014 4104 vim
1032 4049 1197 4119 producendi
1209 4050 1298 4120 signi-

185 4138 251 4194 ficat
267 4169 302 4179 -
317 4137 351 4193 of.
369 4138 475 4193 Preller
492 4138 510 4194 1.
527 4139 547 4194 l.
566 4156 612 4209 pg.
631 4139 692 4195 403.

255 4227 284 4297 9)
304 4225 470 4297 Hesychius:
497 4223 609 4294 Κυβήκη
632 4225 649 4293 ἡ
669 4222 758 4300 μήτηρ
776 4228 851 4280 θεῶν
871 4223 1085 4299 καὶἈφροδίτη.
1108 4252 1140 4263 -
1161 4219 1299 4278 Photien:

186 4310 320 4383 Κύβηβος*
339 4309 468 4387 Χάρωνὸ
481 4310 677 4384 Λαμψακηνὸς
685 4309 736 4380 τὴν
746 4312 913 4386 Ἀφροδίτην
931 4307 986 4364 ὑπὸ
1000 4313 1122 4385 Φρυγῶν
1130 4310 1177 4363 καὶ
1188 4309 1301 4366 Λυδῶν

186 4396 318 4470 Κυβήβην
338 4403 480 4472 λέγεσθαι.
