2828 4814
637 284 856 344 ..73-

195 470 353 552 exemplar
381 471 519 550 proxime
547 470 696 532 accedens
726 470 832 552 hymni
861 471 943 532 color
975 490 1011 532 ac
1040 474 1152 535 forma!
1197 474 1306 557 Neque

197 575 295 638 altera
316 575 488 636 conditione
514 577 605 655 atque
634 576 767 655 hymnus
790 575 855 635 sine
877 575 968 636 dubio
998 595 1056 637 usa
1079 581 1151 638 sunt
1173 581 1309 643 earmina

197 683 235 742 de
257 679 444 760 Sarpedonis
472 682 504 739 et
526 676 636 740 Glauci
664 680 756 738 robus
789 679 888 758 gestis
919 679 1071 758 prioribus
1092 679 1199 743 Iliadis
1220 683 1308 748 libris

196 783 337 847 inserta²
359 802 396 843 ac
417 782 455 842 de
476 782 633 861 legatione
655 782 694 841 ad
709 780 860 842 Achillem
881 770 913 843 in
935 802 1015 844 nono
1033 782 1140 845 Iliadis
1154 786 1233 847 libro
1251 808 1308 849 neo

196 908 258 950 non
280 889 319 948 de
340 905 416 947 nece
434 884 561 945 Dolonis
590 885 622 944 in
652 883 768 945 decimo
790 883 896 945 Iliadis
920 885 997 947 libro
1020 923 1059 932 -
1081 890 1162 967 quod
1185 908 1307 954 carmen

197 993 246 1054 sui
266 992 343 1052 iuris
363 990 459 1051 fuisse
481 986 665 1049 Eustathius
685 988 772 1066 (785,
784 989 817 1066 4)
839 989 966 1050 tradidIt
989 1026 1030 1034 -
1054 991 1123 1053 aha.

280 1094 464 1155 Huiusmodi
474 1112 548 1153 vero
571 1093 706 1154 earmina
727 1093 815 1173 epioe
834 1093 1018 1155 adearmina
1038 1099 1307 1175 praestantissima

195 1199 322 1262 Homeri
341 1196 513 1272 conflanda,
540 1197 576 1256 ut
603 1196 703 1257 omnia
727 1196 808 1256 inter
837 1216 871 1257 se
898 1198 1086 1276 praeclarius
1115 1220 1253 1263 connexa
1273 1206 1305 1264 et

196 1307 269 1386 apte
296 1304 417 1378 essent,
459 1299 679 1378 antiquissimis
707 1301 739 1359 et
770 1300 929 1379 genuinis,
967 1301 993 1361 si
1021 1303 1066 1362 ita
1095 1303 1197 1365 dicere
1224 1307 1305 1384 licet,

195 1408 317 1470 fabulas
345 1405 453 1466 iliacae
473 1403 657 1465 carminibus
686 1402 803 1464 inserta
823 1423 893 1464 esse
925 1424 981 1484 pro
1004 1408 1088 1466 certo
1110 1407 1216 1469 habeo.
1259 1409 1306 1473 Ac

195 1515 326 1575 fortasse
355 1527 428 1570 casu
454 1508 575 1568 tantum
603 1506 743 1567 fortunae
764 1507 963 1584 factumest,
990 1512 1179 1591 ut-hymnus
1200 1516 1307 1576 noster

195 1616 362 1678 carminum
387 1613 608 1673 homerieorum
636 1629 761 1672 numero
783 1611 921 1672 adiectus
951 1615 1090 1690 nonsit,
1120 1616 1233 1697 quippe
1255 1619 1306 1697 qui

155 1739 165 1763 ⁴
195 1723 253 1783 hoc
279 1721 394 1780 honore
423 1734 497 1777 sano
520 1715 633 1794 dignus
661 1716 762 1776 fuerit.
806 1715 900 1779 Cuius
925 1718 970 1778 rei
992 1737 1116 1779 causam
1135 1721 1233 1782 fuisse
1256 1743 1306 1782 su·

197 1825 304 1906 spicor,
327 1821 408 1901 quod
421 1819 525 1900 hymni
540 1819 643 1880 sabula
658 1838 709 1879 res
725 1838 785 1878 non
807 1838 923 1900 paucae
947 1821 1095 1883 contineri
1116 1824 1305 1903 viderentur,

195 1946 272 2009 quae
301 1944 362 1986 non
391 1925 431 1984 ad
459 1921 646 1985 Graecorum
675 1923 801 2000 ingenia
828 1923 1005 2002 excogitata
1034 1929 1140 1987 essent
1170 1947 1305 2008 quasque

194 2053 251 2094 nos
280 2047 373 2111 supra
406 2027 505 2089 fusius
536 2027 811 2086 enummeravimus
837 2029 869 2087 et
902 2028 1137 2110 exploravimus.
1190 2031 1305 2094 Postea

194 2157 315 2202 carmen
338 2137 476 2196 nostrum
500 2131 589 2211 quale
609 2130 711 2207 fuerit,
732 2126 842 2191 Graeci
859 2150 985 2211 prorsus
1001 2133 1087 2194 obliti
1099 2140 1178 2195 sunt.
1224 2135 1303 2198 Inde

192 2242 391 2314 factumest,
420 2242 454 2297 ut
483 2236 596 2316 hymno
618 2236 755 2294 extremo
782 2233 875 2295 affixa
904 2235 944 2296 sit
963 2236 1017 2296 illa
1041 2237 1178 2299 clausula
1200 2238 1303 2301 finalis

193 2345 250 2408 σεῦ
272 2330 364 2424 11ὲέγώ
392 2328 561 2422 ἀρξάμενος
582 2327 806 2420 μεταβήσομαι
826 2330 922 2400 ἄλλον
943 2333 976 2412 ἐς
995 2332 1106 2418 ὕμνον,
1128 2361 1208 2420 quae
1226 2344 1304 2404 nihil

195 2448 278 2512 aliud
301 2448 358 2521 est,
379 2445 415 2504 ut
435 2444 520 2504 recte
542 2439 732 2501 Schwalbius
755 2439 834 2516 aitl,
857 2441 916 2502 nisi
936 2443 1084 2504 transitus
1107 2463 1127 2504 a
1149 2446 1199 2506 dei
1218 2447 1305 2508 invo-
1398 2454 1401 2459 ’

193 2556 314 2616 catione
344 2549 383 2611 ad
414 2545 570 2628 proprium
591 2542 670 2604 alius
692 2544 850 2605 cuiusdam
880 2545 1020 2606 carminis
1041 2548 1189 2628 propositi
1210 2567 1304 2629 argu·

193 2660 328 2720 mentum
347 2687 391 2697 -—
413 2650 445 2713 id
463 2649 544 2729 quod
566 2649 653 2728 patet
675 2667 715 2708 ex
735 2649 874 2709 clausula
894 2648 1000 2730 hymni
1021 2651 1165 2713 homerici
1187 2651 1304 2715 11111111-

192 2780 264 2827 nam
282 2757 372 2819 noni:

280 2865 382 2958 αὐτὰρ
405 2863 467 2954 ἐγώ
487 2889 524 2932 σε
546 2869 663 2954 πρῶτα
684 2864 740 2931 ναὶ
762 2864 798 2932 ἐκ
820 2865 919 2934 σέθεν
941 2861 1051 2957 ἔρχομ’
1072 2865 1200 2954 ἀείδειν,

279 2980 335 3043 σεῦ
356 2958 455 3059 1111γῶ
469 2964 646 3056 ἀρξάμενος
664 2965 891 3056 μεταβήσομαι
912 2966 1011 3039 ἄλλον
1033 2971 1067 3052 ἐς
1085 2970 1188 3059 ὕμνον,

193 3123 284 3187 quum
306 3101 405 3160 altera
424 3094 563 3158 clausula
584 3094 626 3155 111

324 3205 444 3297 Αὐτὰρ
465 3209 527 3296 ἕνα)
549 3208 605 3274 καὶ
628 3215 697 3275 σεῖο
719 3209 774 3275 καὶ
794 3208 893 3300 ἄλλης
913 3208 1048 3301 μνήσομ’
1071 3206 1193 3303 ἀοιδῆς,

192 3363 271 3425 quae
282 3337 406 3423 hymnis
419 3336 451 3396 in
460 3331 635 3414 Apollinem
645 3333 800 3414 Pythium,
810 3336 842 3396 in
851 3336 1045 3413 Mercurium,
1056 3338 1088 3398 in
1100 3338 1243 3402 Cererem
1255 3344 1307 3403 est

192 3447 287 3509 affixa
297 3458 447 3525 quamque
458 3439 636 3500 inextrcmo
648 3437 761 3517 hymno
776 3438 808 3498 111
818 3438 993 3520 Apollinem
1001 3440 1122 3507 Delium
1133 3442 1166 3502 in
1177 3460 1304 3525 consap-

96 3524 103 3535 ,
191 3550 319 3614 cinando
329 3550 460 3624 utroquo
477 3542 509 3603 in
520 3538 695 3621 Apollinem
714 3543 827 3622 hymno
840 3563 910 3605 esse
922 3545 1067 3606 amissum
1078 3546 1225 3626 suspicor.
1254 3546 1304 3609 Do

191 3675 251 3737 qua
261 3650 430 3737 posteriore
441 3646 580 3708 clausula
599 3647 711 3726 optime
730 3647 774 3707 ait
786 3645 976 3710 Schwalbius
988 3648 1015 3710 ⁸:
1034 3648 1206 3730 ,Nunquam
1225 3651 1303 3714 deos

191 3761 268 3822 satis
279 3753 399 3820 laudari
409 3768 503 3832 posse
520 3750 747 3810 arbitrabantur
756 3745 879 3832 (nempe
891 3748 1025 3836 Graeci),
1045 3754 1135 3814 1111111
1145 3774 1238 3834 quum
1250 3757 1304 3817 vel

191 3854 1304 3946 quingentorumversuumhymnumdecantassent‚discederenonaude-
1370 3870 1373 3876 '

261 4159 288 4228 1)
306 4155 405 4210 Giseke
423 4155 532 4211 Homer.
553 4154 745 4226 Forschungen
764 4157 800 4227 (a.
814 4158 892 4230 1864)
911 4175 956 4230 pg.
970 4160 1022 4216 234
1039 4176 1096 4228 sqq.

260 4244 287 4314 2)
305 4243 335 4296 in
352 4258 442 4312 progr.
460 4241 593 4298 cleviem.
612 4259 636 4298 a.
658 4244 726 4301 1852
743 4260 789 4314 pg.
804 4246 845 4300 11.

259 4332 287 4400 3)
304 4330 322 4383 l.
342 4329 361 4383 l.
382 4346 427 4398 pg.
443 4329 483 4383 11.
