2828 4814
592 339 807 399 „31-

153 528 252 589 struit.
297 525 456 618 Consentit
480 545 549 585 cum
578 545 614 585 eo
642 525 667 585 Ι.
689 524 851 585 Beklrerus
876 525 905 602 (l.
920 523 939 583 l.
962 545 1013 604 pg.
1026 525 1109 602 136).
1154 525 1257 596 Quum

154 651 226 692 vero
248 631 324 692 haec
342 650 406 691 vox
428 649 528 710 neque
547 629 579 689 in
598 629 714 708 linguis
737 628 877 707 cognatis
893 648 992 710 neque
1007 630 1038 690 in
1051 630 1116 690 ulla
1127 629 1257 691 dialecto

152 732 338 797 Graecorum
379 733 524 813 digammi
560 733 695 812 vestigia
732 732 874 793 ostendat
905 733 955 810 (cf.
983 730 1044 812 Gg.
1070 734 1168 796 Curtii
1197 734 1256 794 11.

150 859 201 919 pg.
214 842 276 900 610
289 838 355 920 sq.),
368 837 478 898 melius
489 836 562 898 mihi
574 837 697 898 videtur
712 839 822 916 putare
837 836 970 898 radicem
984 829 1049 911 ,ia‘
1067 837 1258 898 decurtatam

149 962 219 1003 esse
248 963 289 1003 ex
319 942 422 1002 radice
451 940 512 1020 jar,
544 959 634 1023 quam
667 959 817 1001 unacum
839 941 942 1001 radice
963 937 1016 1001 δικ
1037 961 1077 1001 ex
1099 939 1165 1020 ajax
1187 961 1256 1002 esse

149 1049 254 1107 natam
284 1043 344 1125 Grg.
363 1045 487 1109 Curtius
509 1044 605 1120 docet,
631 1061 782 1126 quamque
805 1043 941 1105 radicum
963 1046 1175 1123 cognationem
1196 1045 1258 1106 iam

149 1149 287 1230 Boppius
318 1149 361 1228 (in
390 1148 484 1229 gloss.
516 1166 613 1209 sansc.
645 1168 669 1208 s.
691 1167 720 1206 v.
738 1142 818 1228 dic.)
849 1147 1023 1227 suspicatus
1046 1151 1121 1211 erat.
1153 1147 1257 1210 Radix

150 1252 216 1333 djra
244 1253 295 1314 vel
318 1249 370 1314 dur
399 1255 448 1314 est
477 1252 509 1312 in
531 1252 625 1311 verbo
649 1243 835 1329 δείκ-νυ-μι,
859 1250 953 1311 latine
975 1250 1099 1327 dic-ere,
1118 1255 1257 1313 nostrum

150 1358 281 1437 zeig-en.
326 1355 475 1436 Tempore
507 1372 596 1430 vero,
627 1372 686 1435 quo
709 1353 843 1415 carmina
862 1353 1015 1415 homerica
1034 1355 1157 1417 condita
1177 1361 1257 1433 sunt,

149 1463 237 1524 radix
263 1461 311 1540 jar
342 1481 411 1522 cum
443 1459 553 1520 initiali
579 1477 712 1520 consona
743 1457 782 1536 ,j‘
814 1457 907 1518 etiam
930 1458 961 1518 in
983 1478 1043 1519 usu
1064 1460 1138 1536 fuit,
1176 1461 1257 1522 unde
1343 1492 1344 1496 ,

149 1566 252 1628 hiatus
276 1565 414 1626 nonnulli
436 1563 534 1624 veluti
556 1561 684 1638 Iliada,
712 1566 783 1638 119,
805 1560 920 1642 Odyss.
942 1581 969 1639 τ,
995 1566 1058 1623 384
1073 1566 1144 1624 sunt
1160 1565 1257 1645 expli-

150 1670 248 1730 candi.
293 1669 388 1733 Cuius
410 1688 486 1729 usus
506 1667 680 1747 exemplum
699 1669 804 1728 exstat
825 1685 866 1727 ex
887 1685 956 1727 mea
968 1667 1090 1749 quidem
1106 1670 1258 1729 sententia

150 1773 182 1832 in
210 1773 316 1854 hymni
344 1773 442 1834 nostri
473 1792 567 1834 versu
597 1771 721 1832 laudato
755 1762 842 1851 γύναι
872 1764 982 1833 εἰκυῖα.
1030 1771 1133 1841 Quare
1155 1774 1257 1834 reiicio

150 1875 323 1938 Hoffmanni
352 1877 416 1955 (1.1.
442 1875 476 1936 Π
497 1896 549 1956 pg.
574 1874 648 1951 188)
672 1874 914 1935 emendationem
936 1875 1038 1956 (quam
1058 1876 1119 1936 iam
1140 1896 1192 1956 pg.
1216 1882 1255 1938 21

149 1981 403 2056 commemorari),
427 1979 531 2059 quiin
550 1999 580 2038 v.
605 1981 666 2038 136
690 1965 772 2038 ἀλλὰ
793 1970 880 2039 ἶκυῖα
903 1978 1035 2039 scribere
1057 1981 1134 2041 vult.
1170 1979 1257 2050 Quae

150 2086 247 2145 forma
281 2077 369 2144 ἶκυῖα
397 2081 518 2142 omnino
547 2099 608 2142 non
638 2081 697 2141 fuit
727 2099 783 2142 nec
814 2083 918 2161 potest
947 2100 1033 2158 esse,
1065 2102 1135 2143 nam
1156 2077 1258 2146 εἰκυῖα

152 2190 221 2248 orta
260 2188 310 2247 est
338 2205 379 2246 ex
403 2185 532 2264 jrjtrviu
564 2185 623 2264 (nti
652 2175 741 2246 ἔοικα
773 2203 814 2245 ex
840 2183 977 2264 jajorru),
1007 2186 1257 2267 reduplicatione,

150 2310 241 2373 quam
269 2294 396 2367 vocant,
424 2290 601 2371 praeposita
632 2292 664 2351 et
696 2289 814 2351 duobus
843 2290 887 2368 ,j‘
916 2306 956 2351 ex
978 2287 1165 2353 Graecorum
1188 2294 1256 2355 odio

148 2397 321 2459 litterarum
343 2395 524 2475 spirantium
546 2395 718 2457 exstinctis.

239 2499 325 2561 Haeo
347 2500 410 2560 fere
432 2502 513 2576 sunt,
536 2518 614 2582 quae
636 2499 675 2560 de
697 2499 805 2580 hymni
828 2517 862 2558 re
883 2499 1011 2560 metrica
1030 2501 1167 2579 proferre
1186 2521 1255 2581 pos-

150 2604 214 2665 sim.
249 2601 293 2664 At
314 2604 341 2664 si
363 2604 431 2684 quis
452 2624 532 2665 nunc
554 2605 734 2683 interroget,
757 2621 835 2685 quae
856 2620 974 2663 summa
998 2604 1038 2664 sit
1059 2604 1150 2665 huius
1166 2625 1256 2687 quae-

150 2706 260 2768 stionis
283 2707 321 2768 da
343 2725 377 2768 16
399 2707 525 2769 metrica
545 2709 677 2769 sortasse
699 2707 825 2769 nimium
851 2707 947 2784 fusae,
977 2708 1006 2769 ei
1027 2703 1256 2790 respondemus,

148 2809 189 2872 ex
206 2812 352 2887 omnihus,
377 2830 453 2893 quas
466 2812 658 2892 protulimus,
682 2814 774 2874 rebus
790 2811 856 2873 sine
869 2811 959 2872 dubio
974 2814 1089 2892 patere,
1110 2814 1256 2895 hymnum

149 2934 219 2975 oum
247 2916 429 2977 carminibus
462 2916 623 2978 homericis
653 2917 685 2978 in
712 2916 816 2977 verbis
837 2935 878 2976 ex
899 2915 1020 2996 legibus
1043 2917 1089 2977 rei
1111 2920 1256 2980 metricae

150 3019 365 3096 componendis
393 3023 425 3079 et
454 3020 605 3098 eligendis
637 3021 823 3081 artissimum
845 3037 939 3098 agera
962 3023 1187 3099 commercium,
1217 3044 1256 3084 ne

150 3121 291 3198 nimium,
321 3122 426 3203 hymni
457 3142 522 3184 rem
551 3125 709 3193 metricam
734 3125 781 3186 uti
803 3127 899 3185 totam
921 3125 965 3185 ita
985 3126 1049 3187 fere
1070 3127 1202 3205 singulis
1224 3130 1256 3189 in

148 3228 241 3288 rebus
264 3247 333 3288 esse
355 3227 547 3291 homericam.
575 3226 695 3305 Restat,
717 3232 752 3290 ut
766 3229 805 3290 de
817 3230 980 3290 verborum
996 3231 1117 3292 delectu
1128 3233 1256 3294 eandem

149 3332 346 3394 instituamus
368 3332 586 3414 quaestionem.
