2828 4814
631 397 847 455 ..70-

182 565 337 629 Anchisae
359 585 529 646 congressu
539 567 592 628 vel
604 567 735 647 primum
754 567 836 629 inter
850 569 970 630 ceteras
982 565 1160 629 Aeneadum
1175 567 1297 629 fabulas

183 671 284 733 locum
298 688 472 752 occupasse.
517 667 563 730 Ac
586 690 624 730 ne
646 672 678 732 id
693 671 816 752 quidem
835 690 853 731 a
871 671 1013 733 veritatis
1029 671 1130 753 specie
1145 671 1299 746 abhorret,

185 775 266 857 quod
294 775 340 837 illi
368 773 549 835 Aeneadum
577 775 733 856 principes
763 795 856 856 quum
885 776 1068 856 populorum
1096 777 1299 853 cognatorum

186 880 344 961 opiniones
376 878 414 939 de
443 877 570 957 imperio
593 897 612 938 a
635 897 806 959 congressu
832 879 909 940 deae
930 898 1062 958 magnae
1083 899 1153 940 oum
1174 880 1300 939 auctore

187 983 311 1063 generis
333 983 412 1061 regii
434 981 611 1043 deducendo
635 983 863 1062 cognovissent,
885 981 1008 1058 Veneri,
1028 985 1063 1044 ut
1085 982 1223 1063 ipsorum
1244 982 1299 1043 im·

186 1088 305 1169 perium
345 1085 532 1162 stabilirent,
567 1084 730 1171 affixerunt
767 1087 852 1148 illam
887 1086 1082 1166 imperitandi
1117 1086 1299 1166 cupidinem,

188 1210 248 1273 qua
278 1190 371 1251 dueta
406 1189 460 1249 illa
489 1187 646 1252 Anchisen
682 1195 783 1251 aetate
817 1190 878 1250 iam
911 1192 1092 1270 provectum
1124 1189 1298 1271 anquireret

187 1291 292 1375 Atque
323 1292 432 1353 iisdem
453 1290 651 1354 Aeneadibus
680 1294 780 1354 locum
809 1294 896 1354 illum
918 1294 956 1354 de
976 1291 1084 1354 Aenea
1110 1293 1250 1355 inclitum
1271 1293 1303 1353 in

188 1398 276 1458 lliad.
295 1397 371 1458 libro
387 1397 492 1457 vinde
510 1416 634 1458 aversu
651 1401 712 1459 178
729 1397 833 1458 deberi
848 1397 961 1477 optime
975 1397 1104 1458 coniecit
1117 1396 1305 1459 Welckerus

188 1500 247 1580 Ep.
260 1500 344 1581 Cycl.
357 1499 390 1559 H
401 1519 452 1580 pg.
465 1504 526 1561 147
543 1505 605 1560 not.
619 1503 668 1562 83.
713 1501 771 1560 His
789 1503 893 1561 autem
912 1501 1066 1562 concessis
1081 1520 1142 1561 non
1157 1500 1306 1562 audacter

189 1604 330 1665 videmur
348 1603 458 1678 dicere,
481 1623 575 1685 quum
597 1604 825 1689 contendimus„
847 1606 944 1664 totam
966 1603 1164 1666 Troianorum
1182 1605 1304 1686 mytho-

190 1707 319 1785 logiam,
344 1725 435 1788 quam
462 1708 590 1782 vocant,
617 1707 740 1768 abillis
764 1706 964 1768 Troianorum
985 1708 1122 1790 reliquiis
1143 1705 1253 1787 Scepsi
1276 1709 1308 1768 et

193 1807 291 1888 Gergi
320 1809 372 1870 vel
402 1809 434 1869 in
465 1809 533 1870 aliis
557 1808 686 1870 Troadis
719 1811 839 1890 oppidis
860 1811 1070 1872 habitantibus
1097 1814 1255 1872 servatam
1276 1814 1309 1873 et

193 1914 346 1974 excultam
367 1933 438 1974 esse
461 1932 557 1995 aeque
582 1933 617 1975 ac
637 1915 773 1976 fabulam
792 1915 830 1975 de
852 1914 1006 1976 Anchisae
1029 1918 1061 1976 et
1080 1913 1213 1976 Veneris
1235 1933 1307 1976 con-

193 2037 314 2096 gressu.
364 2016 453 2080 Unde
485 2017 592 2098 hymni
621 2019 719 2079 nostri
746 2023 960 2096 argumentum
994 2019 1125 2099 petitum
1152 2037 1223 2079 esse
1248 2019 1311 2079 iam

195 2139 289 2201 supra
312 2121 460 2201 suspicati
483 2141 587 2181 sumus
612 2140 647 2182 ac
667 2142 748 2183 nunc
769 2123 939 2183 edocemur.
984 2120 1046 2183 Sed
1069 2122 1096 2183 si
1118 2121 1187 2203 quis
1203 2121 1310 2183 Troia-

194 2244 303 2292 norum
323 2225 376 2284 rel
391 2222 572 2284 Aeneadum
594 2226 750 2305 opiniones
768 2227 805 2286 de
827 2226 894 2301 diis,
918 2227 1025 2307 quales
1041 2226 1161 2301 fuerint,
1184 2225 1311 2304 penitus

195 2346 382 2407 cognoscere
410 2327 502 2403 velit,
531 2329 558 2388 is
587 2328 770 2390 reiiciendus
796 2333 845 2390 est
870 2330 909 2389 ad
929 2329 1090 2407 Klausenii
1115 2329 1227 2389 librum
1250 2329 1313 2389 iam

195 2432 369 2508 laudatum,
400 2431 432 2491 in
455 2450 514 2512 quo
538 2431 736 2510 explanatum
758 2434 822 2506 est,
854 2432 927 2513 quid
949 2433 993 2492 illi
1016 2433 1054 2493 de
1079 2432 1137 2493 diis
1158 2432 1315 2533 senserint

196 2555 325 2618 quemue
342 2536 468 2595 deorum
490 2536 626 2596 ordinem
641 2535 855 2619 constituerint
877 2555 912 2597 ac
927 2539 1040 2617 quanto
1063 2536 1178 2596 honore
1199 2555 1316 2597 numen

197 2639 338 2723 quodque
361 2639 519 2700 coluerint.
542 2674 586 2682 —

200 2772 203 2778 ·
255 2756 258 2763 ’
287 2743 408 2814 Quibus
428 2741 519 2802 rebus
540 2742 672 2821 cognitis
695 2743 781 2803 nobis
804 2744 963 2822 continget
978 2749 1097 2804 ceteras
1120 2741 1317 2820 offensiones,

199 2865 276 2929 quas
305 2848 336 2907 in
358 2847 463 2927 hymni
486 2849 667 2926 argumento
691 2848 808 2907 restare
832 2847 960 2923 scimus,
990 2847 1146 2927 expedire.
1188 2845 1318 2908 Etenim

198 2956 361 3032 postquam
390 2950 523 3011 vidimus
550 2951 685 3011 fabulam
711 2951 818 3032 hymni
850 2954 948 3012 totam
976 2950 1176 3012 Troianorum
1201 2951 1319 3013 fabulis

200 3054 318 3130 deberi,
351 3072 408 3134 per
430 3054 588 3133 seipsum
612 3055 812 3134 intelligitur,
837 3074 855 3115 a
883 3055 1003 3116 Venere
1023 3054 1181 3135 exempla,
1203 3055 1319 3136 quibus

200 3159 298 3239 ipsius
321 3176 522 3236 congressum
536 3177 605 3218 eum
619 3159 685 3220 viro
700 3160 821 3220 mortali
836 3164 927 3239 prout
941 3160 1059 3220 facinus
1080 3177 1099 3218 a
1117 3158 1175 3218 diis
1192 3159 1320 3238 saepius

203 3263 398 3324 commissum
416 3261 573 3322 illustrare
589 3263 701 3338 studet,
724 3264 823 3323 omnia
847 3283 887 3324 ex
904 3262 1104 3323 Troianorum
1126 3262 1322 3342 mythologie

202 3387 272 3428 esse
290 3366 396 3447 petita.
433 3364 515 3425 Hinc
534 3366 628 3444 longa
645 3366 682 3425 de
703 3363 880 3447 Ganymede
898 3366 1038 3447 Trosque
1055 3366 1219 3440 fabulatio,
1245 3365 1320 3426 hinc

203 3471 306 3552 lepida
320 3470 375 3530 illa
392 3470 431 3530 de
443 3468 573 3530 Tithono
592 3471 713 3531 fabula!
750 3471 829 3531 Dein
841 3473 905 3532 tres
924 3471 1004 3530 istas
1014 3470 1097 3545 deae,
1110 3488 1189 3551 quae
1201 3467 1321 3531 Veneri

204 3575 351 3636 resistere
380 3573 465 3633 initio
491 3573 598 3654 hymni
625 3580 802 3650 narrantur,
829 3594 870 3634 ex
898 3572 1098 3635 Troianorum
1124 3571 1321 3652 opinionibus

207 3682 279 3739 sunt
300 3677 481 3757 descriptae.
526 3677 710 3739 Minervae¹
733 3679 813 3739 enim
827 3678 909 3738 bella
932 3682 963 3738 et
984 3677 1148 3738 artificiosa
1162 3675 1323 3755 virginum

207 3798 300 3863 opera
320 3781 443 3861 placent
466 3816 508 3824 -
531 3785 694 3863 utrumque
721 3783 752 3843 in
772 3783 909 3844 Palladio
940 3780 1060 3842 troico²
1086 3781 1177 3845 hasta
1196 3782 1229 3841 et
1250 3780 1322 3840 tirso

207 3888 257 3946 est
284 3886 430 3944 notatum.
474 3883 517 3945 Et
547 3877 707 3961 σατίναις,
738 3905 814 3968 quas
838 3885 949 3948 Gracci
976 3885 1095 3945 omnino
1126 3883 1323 3963 ignorabant,

208 3990 307 4068 mater
325 3981 420 4048 Idaea
441 3987 589 4068 Euripide
612 3989 760 4051 auctore3
782 3992 934 4051 utebatur.
977 3988 1095 4049 Deinde
1118 3987 1199 4069 quod
1220 3986 1325 4048 Diana

282 4272 308 4341 l)
326 4270 447 4324 Klausen
465 4272 605 4346 1.1.1pg.
623 4280 772 4336 153-154.

282 4369 308 4437 2)
328 4371 368 4425 Id.
381 4371 401 4423 1.
413 4358 432 4410 l·
446 4357 518 4428 ng·
533 4364 584 4418 146
598 4381 656 4436 sqq.

275 4459 307 4524 3)
322 4458 421 4514 Helen.
435 4466 459 4503 V·
475 4449 543 4505 1330
556 4451 596 4505 ed·
610 4455 641 4513 G.
654 4455 801 4508 Hermann.
